2576 3942
413 193 719 283 '-19-

92 377 225 441 victum
247 380 395 442 nostrum
419 398 572 462 quaerere
599 377 793 463 poterimus,
821 377 937 443 addere
964 378 1057 464 volo,
1076 400 1118 444 ιιε

91 464 200 529 nimis
223 464 334 529 videar
357 486 427 530 esse
451 464 608 532 onerosa'.

190 551 238 617 Ει
252 553 424 620 extrahens
438 553 520 619 illud
531 557 756 638 sumptuosum
769 558 802 619 et
815 553 924 620 nobile
939 555 1118 641 enoenium,
1128 551 1172 618 30

62 641 199 796 still.
220 641 682 796 llsslllulldltlrl}
709 646 819 796 Fls
837 664 943 815 llll..
959 642 1042 797 llll
1070 666 1117 797 l*

94 819 269 884 veniamus
296 818 428 884 modum
458 818 613 904 aliquem,
640 840 699 902 per
726 841 823 904 quem
849 820 1028 902 poterimus
1056 842 1117 887 nos

94 905 246 971 nutrire'.
278 905 478 972 Videnst
421 910 478 972 aut
479 928 530 972 em
548 906 675 972 Helena
697 907 936 991 pretiositatem
954 907 1051 972 huius
1069 909 1118 975 rei

97 994 249 1079 dubium,
275 994 408 1080 quod
380 1015 465 1060 orrea
483 995 566 1060 relat
552 999 588 1060 ta
604 1016 664 1079 per
680 995 784 1060 filium
804 995 843 1060 ds
859 1017 894 1060 rs
913 998 982 1061 tam
1001 996 1118 1082 grandi

95 1084 191 1166 prius
210 1082 383 1166 habuerat,
407 1105 427 1146 a
439 1067 480 1147 'se
498 1083 604 1168 eoepit
622 1104 787 1149 removere
807 1106 823 1149 e
825 1084 1013 1168 teogitare,
1033 1084 1117 1170 quod

52 1187 81 1228 1⁰
96 1171 163 1236 hoo
180 1191 247 1236 non
265 1174 337 1235 erat
354 1132 524 1235 hbminum
542 1192 735 1256 pauperum,
760 1170 844 1235 sed
834 1175 975 1255 unperat
976 1173 1042 1237 oris
1061 1176 1119 1238 aut

96 1278 215 1343 regum
248 1258 300 1323 vel
332 1279 526 1344 magnorum
556 1258 633 1323 filiis
668 1263 701 1324 et
731 1259 861 1324 filiabus
889 1259 972 1323 talia
1000 1283 1019 1324 a
1050 1261 1117 1325 suis

97 1347 292 1430 parentibus
316 1346 508 1411 condonare.
547 1345 610 1412 Sed
628 1351 738 1411 tamen
755 1348 845 1411 intra
869 1367 903 1411 εε
925 1347 1117 1433 plusquam

97 1439 198 1500 antea
219 1434 332 1500 timuit
355 1435 521 1519 cogitans:
554 1433 599 1500 ‘Si
622 1434 666 1498 ist
652 1437 688 1498 ta
705 1437 790 1499 estt
742 1435 861 1499 ttanti
879 1434 1020 1500 hominis
1039 1435 1117 1521 filia,

96 1523 244 1588 utdioit
229 1526 304 1588 t
270 1525 377 1588 sa
378 1523 406 1587 is
362 1523 511 1587 tmihi
535 1525 683 1607 apparet,
715 1545 778 1608 quo
802 1525 968 1606 comperto
993 1524 1116 1607 poteris

52 1627 81 1668 15
95 1633 166 1676 non
189 1611 294 1676 solum
318 1609 422 1676 filium
446 1611 577 1696 quidem
599 1611 763 1694 perditum
787 1615 820 1676 ει
843 1611 1011 1676 inventum
1039 1615 1117 1676 tuno

96 1721 174 1765 vere
196 1699 345 1785 perdere,
369 1699 423 1764 sed
448 1705 481 1764 ιε
501 1702 535 1764 ει
553 1721 665 1764 omnes
685 1721 757 1764 oum
779 1699 895 1784 quibus
915 1700 1119 1765 conversaris

96 1788 140 1853 ad
167 1787 347 1872 periculum
375 1787 490 1852 mortis
519 1785 617 1854 dare?
665 1786 802 1852 Verumt
787 1789 897 1852 tamen
923 1787 958 1851 in
985 1788 1116 1854 domino

95 1876 227 1942 firmam
247 1897 337 1960 spem
356 1896 481 1960 ponens
500 1875 611 1940 dixit
601 1897 636 1939 ιιι
656 1874 750 1940 eorde
765 1897 837 1941 suo.
856 1874 1007 1942 Domine
1029 1876 1117 1957 deus,

97 1965 154 2049 qui
185 1965 276 2030 nosti
307 1965 418 2028 omnia
450 1967 625 2048 antequam
657 1963 752 2049 fiant,
784 1967 821 2028 tu
854 1964 931 2049 seis,
973 1965 1115 2049 qualiter

54 2069 81 2108 ²0
97 2056 213 2118 eontra
227 2073 356 2118 omnem
370 2052 572 2118 voluntatem
592 2073 698 2116 meam
717 2072 872 2136 oppressa
890 2052 995 2117 filium
1013 2054 1113 2118 istum

95 2139 348 2207 Constantinum
372 2140 411 2205 de
434 2141 499 2205 ιειο
523 2140 681 2225 sacrilego
709 2140 905 2224 imperatore
931 2142 1058 2224 suseepi
1081 2145 1114 2206 et

95 2230 205 2313 ipsum
233 2228 272 2294 de
300 2228 468 2296 laboribus
496 2247 649 2293 manuum
676 2249 822 2293 mearum
850 2226 996 2314 educavi3
1027 2228 1112 2313 quod

95 2338 226 2403 quoque
256 2338 317 2383 nee
349 2322 425 2382 ante
457 2337 516 2381 neo
546 2321 622 2401 post
653 2315 758 2382 virum
796 2316 936 2400 aliquem
973 2317 1007 2380 in
1039 2339 1111 2381 oon-

95 2406 298 2490 oupiseentia
321 2405 428 2470 earnis
451 2405 542 2490 novi,
565 2404 622 2468 sed
644 2404 719 2490 tibi,
744 2405 875 2469 domino
898 2404 971 2488 deo,
995 2425 1111 2488 eorpus

54 2509 80 2549 2⁵
97 2515 207 2559 meum
235 2494 492 2576 immaculatum,
525 2497 682 2578 quantum
709 2493 744 2557 in
766 2492 918 2575 meluit,
951 2492 1111 2559 custodire

96 2582 249 2668 cogitavi.
287 2580 349 2647 Sed
372 2581 462 2666 quia,
485 2581 630 2665 domine,
652 2581 732 2645 haee
754 2581 789 2644 in
806 2603 860 2645 me
879 2584 912 2645 et
929 2601 1015 2646 nune
1037 2582 1111 2646 sub·

95 2669 265 2754 sequentia
287 2670 351 2734 ista
373 2669 409 2734 in
437 2669 504 2734 filio
528 2690 601 2734 meo
624 2669 696 2733 fieri
718 2668 866 2753 voluisti,
893 2668 955 2734 tibi
979 2674 1012 2735 et
1033 2673 1111 2735 tuae

94 2759 272 2824 immensae
291 2756 533 2823 misericordiae
554 2756 741 2821 commendo
761 2759 794 2822 ει
810 2757 918 2840 ipsum
941 2759 974 2821 et
992 2757 1111 2842 omnia,

55 2949 81 2989 .
94 2843 1111 3020 useruusirreparabili.

93 3023 228 3107 pietatis
251 3021 488 3108 perducantur'.

165 3196 348 3252 bencenium
366 3211 415 3252 om.
434 3195 472 3250 D.
554 3195 750 3264 epoteramus
769 3194 859 3260 codd,
877 3191 1032 3263 poterimus
1051 3209 1109 3250 eor·

92 3269 161 3324 rexi.
220 3267 620 3336 ladevaproaomamaquo
639 3265 911 3346 efr.pap.1'l,17et
930 3269 972 3332 21,
992 3270 1016 3322 5.
1074 3272 1107 3321 16

92 3354 159 3393 vere
178 3338 222 3406 D,
239 3354 306 3393 vero
326 3338 362 3393 F.
437 3342 469 3392 18
489 3351 539 3391 suo
558 3351 608 3391 om.
627 3334 664 3392 D.
738 3341 771 3389 23
791 3333 883 3389 virum
901 3350 951 3390 om.
971 3335 1007 3391 F.
1072 3341 1108 3390 24

93 3407 209 3464 domino
228 3408 281 3463 deo
298 3408 338 3476 D,
356 3407 469 3462 domins
487 3406 556 3461 deus
575 3405 611 3460 F.
673 3411 706 3460 26
726 3403 838 3460 domina
857 3423 907 3463 om.
928 3405 963 3462 F.
1024 3412 1058 3462 27
1077 3405 1107 3458 in

92 3479 152 3536 filio
167 3496 213 3534 me
227 3480 312 3550 codd,
329 3495 393 3534 meo
407 3479 521 3535 conexi.
576 3483 609 3532 31
626 3475 816 3546 perducantur
829 3477 868 3548 D,
885 3475 1055 3547 perducatur
1069 3474 1105 3533 F.

911 3568 948 3618 2*
