<?xml version="1.0" encoding="UTF-8"?>
<!DOCTYPE html PUBLIC "-//W3C//DTD XHTML 1.0 Transitional//EN"
    "http://www.w3.org/TR/xhtml1/DTD/xhtml1-transitional.dtd">
<html xmlns="http://www.w3.org/1999/xhtml" xml:lang="en" lang="en">
 <head>
  <title>
</title>
<meta http-equiv="Content-Type" content="text/html;charset=utf-8" />
  <meta name='ocr-system' content='tesseract 3.04.00' />
  <meta name='ocr-capabilities' content='ocr_page ocr_carea ocr_par ocr_line ocrx_word'/>
</head>
<body>
  <div class='ocr_page' id='page_1' title='image "./incertiauctoris02heydgoog_0016.png"; bbox 0 0 2576 3942; ppageno 0'>
   <div class='ocr_carea' id='block_1_1' title="bbox 525 250 721 315">
    <p class='ocr_par' dir='ltr' id='par_1_1' title="bbox 525 250 721 315">
     <span class='ocr_line' id='line_1_1' title="bbox 525 250 721 315; baseline 0.005 -16"><span class='ocrx_word' id='word_1_1' title='bbox 525 250 721 315; x_wconf 85' lang='lat'><strong>..3..</strong></span> 
     </span>
    </p>
   </div>
   <div class='ocr_carea' id='block_1_2' title="bbox 111 410 1132 678">
    <p class='ocr_par' dir='ltr' id='par_1_2' title="bbox 111 410 1132 678">
     <span class='ocr_line' id='line_1_2' title="bbox 112 410 1132 496; baseline 0.003 -20"><span class='ocrx_word' id='word_1_2' title='bbox 112 411 182 476; x_wconf 89' lang='lat' dir='ltr'><strong>suis</strong></span> <span class='ocrx_word' id='word_1_3' title='bbox 202 410 245 476; x_wconf 85' lang='lat' dir='ltr'><strong>sd</strong></span> <span class='ocrx_word' id='word_1_4' title='bbox 262 433 427 477; x_wconf 88' lang='lat' dir='ltr'><strong>recessum</strong></span> <span class='ocrx_word' id='word_1_5' title='bbox 452 434 488 478; x_wconf 90' lang='lat' dir='ltr'><strong>se</strong></span> <span class='ocrx_word' id='word_1_6' title='bbox 507 413 716 496; x_wconf 73' lang='lat' dir='ltr'><strong>disponentes</strong></span> <span class='ocrx_word' id='word_1_7' title='bbox 735 414 769 476; x_wconf 90' lang='lat' dir='ltr'><strong>et</strong></span> <span class='ocrx_word' id='word_1_8' title='bbox 787 414 920 495; x_wconf 88' lang='lat' dir='ltr'><strong>accepta</strong></span> <span class='ocrx_word' id='word_1_9' title='bbox 939 412 1071 478; x_wconf 86' lang='lat' dir='ltr'><strong>licentis</strong></span> <span class='ocrx_word' id='word_1_10' title='bbox 1090 414 1132 479; x_wconf 88' lang='lat' dir='ltr'><strong>ab</strong></span> 
     </span>
     <span class='ocr_line' id='line_1_3' title="bbox 111 497 1131 585; baseline 0.003 -21"><span class='ocrx_word' id='word_1_11' title='bbox 111 501 245 584; x_wconf 76' lang='lat' dir='ltr'><strong>hospite</strong></span> <span class='ocrx_word' id='word_1_12' title='bbox 269 499 384 566; x_wconf 92' lang='lat' dir='ltr'><strong>domus</strong></span> <span class='ocrx_word' id='word_1_13' title='bbox 407 500 447 566; x_wconf 89' lang='lat' dir='ltr'><strong>dc</strong></span> <span class='ocrx_word' id='word_1_14' title='bbox 465 501 545 566; x_wconf 90' lang='lat' dir='ltr'><strong>urbe</strong></span> <span class='ocrx_word' id='word_1_15' title='bbox 565 503 776 566; x_wconf 89' lang='lat' dir='ltr'><strong>recesserunt.</strong></span> <span class='ocrx_word' id='word_1_16' title='bbox 820 497 902 565; x_wconf 79' lang='lat' dir='ltr'><strong>Cum</strong></span> <span class='ocrx_word' id='word_1_17' title='bbox 921 501 1039 585; x_wconf 92' lang='lat' dir='ltr'><strong>quibus</strong></span> <span class='ocrx_word' id='word_1_18' title='bbox 1058 523 1131 568; x_wconf 86' lang='lat' dir='ltr'><strong>cum</strong></span> 
     </span>
     <span class='ocr_line' id='line_1_4' title="bbox 111 588 1132 678; baseline 0.002 -25"><span class='ocrx_word' id='word_1_19' title='bbox 111 588 263 678; x_wconf 85' lang='lat' dir='ltr'><strong>praefata</strong></span> <span class='ocrx_word' id='word_1_20' title='bbox 298 588 426 654; x_wconf 89' lang='lat' dir='ltr'><strong>Helena</strong></span> <span class='ocrx_word' id='word_1_21' title='bbox 459 590 609 654; x_wconf 79' lang='lat' dir='ltr'>recedere</span> <span class='ocrx_word' id='word_1_22' title='bbox 645 589 759 673; x_wconf 86' lang='lat' dir='ltr'><strong>vellet,</strong></span> <span class='ocrx_word' id='word_1_23' title='bbox 794 589 914 672; x_wconf 79' lang='lat' dir='ltr'>hospes</span> <span class='ocrx_word' id='word_1_24' title='bbox 947 590 976 653; x_wconf 91' lang='lat' dir='ltr'><strong>ei</strong></span> <span class='ocrx_word' id='word_1_25' title='bbox 1007 590 1132 655; x_wconf 75' lang='lat' dir='ltr'><strong>furtum</strong></span> 
     </span>
    </p>
   </div>
   <div class='ocr_carea' id='block_1_3' title="bbox 66 677 1132 1472">
    <p class='ocr_par' dir='ltr' id='par_1_3' title="bbox 66 677 1132 1472">
     <span class='ocr_line' id='line_1_5' title="bbox 112 677 1130 763; baseline 0.002 -21"><span class='ocrx_word' id='word_1_26' title='bbox 112 677 281 742; x_wconf 84' lang='lat' dir='ltr'><strong>cuiusdam</strong></span> <span class='ocrx_word' id='word_1_27' title='bbox 300 699 378 748; x_wconf 86' lang='lat' dir='ltr'><strong>suae</strong></span> <span class='ocrx_word' id='word_1_28' title='bbox 391 679 439 742; x_wconf 90' lang='lat' dir='ltr'><strong>rei</strong></span> <span class='ocrx_word' id='word_1_29' title='bbox 457 700 555 763; x_wconf 84' lang='lat' dir='ltr'><strong>quam</strong></span> <span class='ocrx_word' id='word_1_30' title='bbox 568 679 633 743; x_wconf 93' lang='lat' dir='ltr'><strong>sibi</strong></span> <span class='ocrx_word' id='word_1_31' title='bbox 644 677 789 743; x_wconf 80' lang='lat' dir='ltr'><strong>furatam</strong></span> <span class='ocrx_word' id='word_1_32' title='bbox 803 678 944 742; x_wconf 87' lang='lat' dir='ltr'><strong>asseruit</strong></span> <span class='ocrx_word' id='word_1_33' title='bbox 960 679 1130 762; x_wconf 91' lang='lat' dir='ltr'><strong>imponens</strong></span> 
     </span>
     <span class='ocr_line' id='line_1_6' title="bbox 82 766 1132 851; baseline 0.004 -23"><span class='ocrx_word' id='word_1_34' title='bbox 82 767 223 850; x_wconf 79' lang='lat' dir='ltr'><strong>eipsam</strong></span> <span class='ocrx_word' id='word_1_35' title='bbox 254 789 353 851; x_wconf 90' lang='lat' dir='ltr'><strong>quam</strong></span> <span class='ocrx_word' id='word_1_36' title='bbox 385 767 424 832; x_wconf 90' lang='lat' dir='ltr'><strong>de</strong></span> <span class='ocrx_word' id='word_1_37' title='bbox 452 789 491 832; x_wconf 83' lang='lat' dir='ltr'><strong>ca</strong></span> <span class='ocrx_word' id='word_1_38' title='bbox 517 767 593 851; x_wconf 92' lang='lat' dir='ltr'><strong>plus</strong></span> <span class='ocrx_word' id='word_1_39' title='bbox 621 767 695 832; x_wconf 88' lang='lat' dir='ltr'><strong>aliis</strong></span> <span class='ocrx_word' id='word_1_40' title='bbox 727 771 911 850; x_wconf 80' lang='lat' dir='ltr'><strong>suspectam</strong></span> <span class='ocrx_word' id='word_1_41' title='bbox 943 766 1064 833; x_wconf 88' lang='lat' dir='ltr'><strong>habere</strong></span> <span class='ocrx_word' id='word_1_42' title='bbox 1095 789 1132 832; x_wconf 93' lang='lat' dir='ltr'><strong>se</strong></span> 
     </span>
     <span class='ocr_line' id='line_1_7' title="bbox 112 854 1132 940; baseline 0.003 -22"><span class='ocrx_word' id='word_1_43' title='bbox 112 855 199 920; x_wconf 86' lang='lat' dir='ltr'><strong>dixit</strong></span> <span class='ocrx_word' id='word_1_44' title='bbox 225 876 394 940; x_wconf 78' lang='lat' dir='ltr'><strong>quousque</strong></span> <span class='ocrx_word' id='word_1_45' title='bbox 420 877 490 920; x_wconf 90' lang='lat' dir='ltr'><strong>rem</strong></span> <span class='ocrx_word' id='word_1_46' title='bbox 519 877 611 922; x_wconf 88' lang='lat' dir='ltr'><strong>suam</strong></span> <span class='ocrx_word' id='word_1_47' title='bbox 638 857 858 939; x_wconf 72' lang='lat' dir='ltr'><strong>recuperaret,</strong></span> <span class='ocrx_word' id='word_1_48' title='bbox 885 854 925 919; x_wconf 89' lang='lat' dir='ltr'><strong>de</strong></span> <span class='ocrx_word' id='word_1_49' title='bbox 952 855 1048 921; x_wconf 92' lang='lat' dir='ltr'><strong>domo</strong></span> <span class='ocrx_word' id='word_1_50' title='bbox 1072 878 1132 921; x_wconf 80' lang='lat' dir='ltr'><strong>rua</strong></span> 
     </span>
     <span class='ocr_line' id='line_1_8' title="bbox 111 943 1130 1028; baseline 0.003 -20"><span class='ocrx_word' id='word_1_51' title='bbox 111 943 257 1008; x_wconf 76' lang='lat' dir='ltr'><strong>dimissis</strong></span> <span class='ocrx_word' id='word_1_52' title='bbox 294 943 368 1008; x_wconf 89' lang='lat' dir='ltr'><strong>aliis</strong></span> <span class='ocrx_word' id='word_1_53' title='bbox 405 945 472 1010; x_wconf 91' lang='lat' dir='ltr'><strong>suis</strong></span> <span class='ocrx_word' id='word_1_54' title='bbox 505 944 663 1010; x_wconf 90' lang='lat' dir='ltr'><strong>consociis</strong></span> <span class='ocrx_word' id='word_1_55' title='bbox 694 944 841 1010; x_wconf 83' lang='lat' dir='ltr'><strong>recedere</strong></span> <span class='ocrx_word' id='word_1_56' title='bbox 872 963 939 1007; x_wconf 93' lang='lat' dir='ltr'><strong>non</strong></span> <span class='ocrx_word' id='word_1_57' title='bbox 972 945 1130 1028; x_wconf 88' lang='lat' dir='ltr'><strong>permisit</strong></span> 
     </span>
     <span class='ocr_line' id='line_1_9' title="bbox 112 1030 1130 1118; baseline 0.001 -21"><span class='ocrx_word' id='word_1_58' title='bbox 112 1030 220 1098; x_wconf 84' lang='lat' dir='ltr'><strong>Sociis</strong></span> <span class='ocrx_word' id='word_1_59' title='bbox 247 1053 324 1098; x_wconf 87' lang='lat' dir='ltr'><strong>vero</strong></span> <span class='ocrx_word' id='word_1_60' title='bbox 353 1033 423 1097; x_wconf 88' lang='lat' dir='ltr'><strong>cius</strong></span> <span class='ocrx_word' id='word_1_61' title='bbox 450 1055 489 1098; x_wconf 90' lang='lat' dir='ltr'><strong>ea</strong></span> <span class='ocrx_word' id='word_1_62' title='bbox 516 1055 589 1098; x_wconf 90' lang='lat' dir='ltr'><strong>cum</strong></span> <span class='ocrx_word' id='word_1_63' title='bbox 612 1053 733 1118; x_wconf 82' lang='lat' dir='ltr'><strong>magno</strong></span> <span class='ocrx_word' id='word_1_64' title='bbox 756 1033 878 1097; x_wconf 82' lang='lat' dir='ltr'><strong>eiulatu</strong></span> <span class='ocrx_word' id='word_1_65' title='bbox 904 1031 1058 1098; x_wconf 88' lang='lat' dir='ltr'><strong>derelicta</strong></span> <span class='ocrx_word' id='word_1_66' title='bbox 1082 1054 1130 1098; x_wconf 89' lang='lat' dir='ltr'><strong>re·</strong></span> 
     </span>
     <span class='ocr_line' id='line_1_10' title="bbox 112 1119 1130 1206; baseline 0 -20"><span class='ocrx_word' id='word_1_67' title='bbox 112 1120 303 1186; x_wconf 88' lang='lat' dir='ltr'><strong>cedentibus</strong></span> <span class='ocrx_word' id='word_1_68' title='bbox 318 1122 445 1206; x_wconf 75' lang='lat' dir='ltr'><strong>cogitur</strong></span> <span class='ocrx_word' id='word_1_69' title='bbox 459 1121 657 1206; x_wconf 85' lang='lat' dir='ltr'><strong>paupercula</strong></span> <span class='ocrx_word' id='word_1_70' title='bbox 671 1122 741 1186; x_wconf 87' lang='lat' dir='ltr'><strong>sola</strong></span> <span class='ocrx_word' id='word_1_71' title='bbox 753 1141 930 1186; x_wconf 82' lang='lat' dir='ltr'><strong>remanere.</strong></span> <span class='ocrx_word' id='word_1_72' title='bbox 955 1119 1130 1188; x_wconf 81' lang='lat' dir='ltr'><strong>Recessum</strong></span> 
     </span>
     <span class='ocr_line' id='line_1_11' title="bbox 66 1209 1132 1294; baseline 0.007 -27"><span class='ocrx_word' id='word_1_73' title='bbox 66 1228 96 1268; x_wconf 85' lang='grc' dir='ltr'><strong>ιο</strong></span> <span class='ocrx_word' id='word_1_74' title='bbox 110 1231 190 1274; x_wconf 81' lang='lat' dir='ltr'><strong>vero</strong></span> <span class='ocrx_word' id='word_1_75' title='bbox 211 1209 373 1276; x_wconf 86' lang='lat' dir='ltr'><strong>sociorum</strong></span> <span class='ocrx_word' id='word_1_76' title='bbox 387 1210 577 1294; x_wconf 86' lang='lat' dir='ltr'><strong>imperatori</strong></span> <span class='ocrx_word' id='word_1_77' title='bbox 590 1209 741 1274; x_wconf 76' lang='lat' dir='ltr'><strong>uuufiato</strong></span> <span class='ocrx_word' id='word_1_78' title='bbox 757 1209 936 1293; x_wconf 88' lang='lat' dir='ltr'><strong>imperator</strong></span> <span class='ocrx_word' id='word_1_79' title='bbox 948 1210 1019 1294; x_wconf 88' lang='lat' dir='ltr'><strong>ipse</strong></span> <span class='ocrx_word' id='word_1_80' title='bbox 1034 1213 1132 1294; x_wconf 86' lang='lat' dir='ltr'><strong>capta</strong></span> 
     </span>
     <span class='ocr_line' id='line_1_12' title="bbox 112 1297 1130 1384; baseline 0.002 -22"><span class='ocrx_word' id='word_1_81' title='bbox 112 1297 361 1382; x_wconf 78' lang='lat' dir='ltr'><strong>opportunitate</strong></span> <span class='ocrx_word' id='word_1_82' title='bbox 379 1300 470 1364; x_wconf 86' lang='lat' dir='ltr'><strong>venit</strong></span> <span class='ocrx_word' id='word_1_83' title='bbox 487 1299 528 1363; x_wconf 87' lang='lat' dir='ltr'><strong>ad</strong></span> <span class='ocrx_word' id='word_1_84' title='bbox 546 1299 678 1364; x_wconf 90' lang='lat' dir='ltr'><strong>domum</strong></span> <span class='ocrx_word' id='word_1_85' title='bbox 695 1299 837 1384; x_wconf 90' lang='lat' dir='ltr'><strong>hospitis</strong></span> <span class='ocrx_word' id='word_1_86' title='bbox 854 1319 953 1382; x_wconf 90' lang='lat' dir='ltr'><strong>supra</strong></span> <span class='ocrx_word' id='word_1_87' title='bbox 972 1298 1051 1363; x_wconf 89' lang='lat' dir='ltr'><strong>dicti</strong></span> <span class='ocrx_word' id='word_1_88' title='bbox 1069 1299 1130 1364; x_wconf 93' lang='lat' dir='ltr'><strong>ibi-</strong></span> 
     </span>
     <span class='ocr_line' id='line_1_13' title="bbox 113 1386 1130 1472; baseline 0.001 -22"><span class='ocrx_word' id='word_1_89' title='bbox 113 1407 176 1470; x_wconf 88' lang='lat' dir='ltr'><strong>que</strong></span> <span class='ocrx_word' id='word_1_90' title='bbox 204 1386 432 1470; x_wconf 88' lang='lat' dir='ltr'><strong>pauperculam</strong></span> <span class='ocrx_word' id='word_1_91' title='bbox 462 1387 644 1452; x_wconf 85' lang='lat' dir='ltr'><strong>solitariam</strong></span> <span class='ocrx_word' id='word_1_92' title='bbox 671 1387 838 1453; x_wconf 86' lang='lat' dir='ltr'><strong>inventam</strong></span> <span class='ocrx_word' id='word_1_93' title='bbox 861 1390 1018 1472; x_wconf 85' lang='lat' dir='ltr'><strong>tunquam</strong></span> <span class='ocrx_word' id='word_1_94' title='bbox 1040 1387 1130 1452; x_wconf 90' lang='lat' dir='ltr'><strong>canis</strong></span> 
     </span>
    </p>
   </div>
   <div class='ocr_carea' id='block_1_4' title="bbox 60 1563 1162 3328">
    <p class='ocr_par' dir='ltr' id='par_1_4' title="bbox 60 1563 1162 3328">
     <span class='ocr_line' id='line_1_14' title="bbox 110 1563 1130 1648; baseline 0 -20"><span class='ocrx_word' id='word_1_95' title='bbox 110 1563 246 1647; x_wconf 88' lang='lat' dir='ltr'><strong>cupiens</strong></span> <span class='ocrx_word' id='word_1_96' title='bbox 262 1563 426 1648; x_wconf 86' lang='lat' dir='ltr'><strong>oppressit</strong></span> <span class='ocrx_word' id='word_1_97' title='bbox 439 1564 571 1648; x_wconf 89' lang='lat' dir='ltr'><strong>eiusque</strong></span> <span class='ocrx_word' id='word_1_98' title='bbox 589 1564 765 1648; x_wconf 87' lang='lat' dir='ltr'><strong>pudicitiae</strong></span> <span class='ocrx_word' id='word_1_99' title='bbox 783 1563 897 1628; x_wconf 81' lang='lat' dir='ltr'><strong>florem</strong></span> <span class='ocrx_word' id='word_1_100' title='bbox 918 1584 957 1628; x_wconf 90' lang='lat' dir='ltr'><strong>ea</strong></span> <span class='ocrx_word' id='word_1_101' title='bbox 974 1567 1130 1648; x_wconf 86' lang='lat' dir='ltr'><strong>quantum</strong></span> 
     </span>
     <span class='ocr_line' id='line_1_15' title="bbox 67 1651 1129 1736; baseline 0.006 -26"><span class='ocrx_word' id='word_1_102' title='bbox 67 1670 96 1711; x_wconf 80' lang='lat' dir='ltr'><strong>rs</strong></span> <span class='ocrx_word' id='word_1_103' title='bbox 110 1651 223 1736; x_wconf 91' lang='lat' dir='ltr'><strong>potuit</strong></span> <span class='ocrx_word' id='word_1_104' title='bbox 248 1651 411 1716; x_wconf 84' lang='lat' dir='ltr'><strong>renitente</strong></span> <span class='ocrx_word' id='word_1_105' title='bbox 438 1652 577 1717; x_wconf 88' lang='lat' dir='ltr'><strong>abstulit</strong></span> <span class='ocrx_word' id='word_1_106' title='bbox 602 1652 770 1718; x_wconf 82' lang='lat' dir='ltr'><strong>violenter.</strong></span> <span class='ocrx_word' id='word_1_107' title='bbox 812 1651 996 1736; x_wconf 86' lang='lat' dir='ltr'><strong>Imperator</strong></span> <span class='ocrx_word' id='word_1_108' title='bbox 1021 1655 1129 1717; x_wconf 87' lang='lat' dir='ltr'><strong>autem</strong></span> 
     </span>
     <span class='ocr_line' id='line_1_16' title="bbox 112 1739 1128 1824; baseline 0.001 -20"><span class='ocrx_word' id='word_1_109' title='bbox 112 1740 245 1824; x_wconf 85' lang='lat' dir='ltr'><strong>expleto</strong></span> <span class='ocrx_word' id='word_1_110' title='bbox 267 1760 327 1804; x_wconf 89' lang='lat' dir='ltr'><strong>suo</strong></span> <span class='ocrx_word' id='word_1_111' title='bbox 349 1739 527 1805; x_wconf 86' lang='lat' dir='ltr'><strong>libidinoso</strong></span> <span class='ocrx_word' id='word_1_112' title='bbox 551 1745 669 1806; x_wconf 85' lang='lat' dir='ltr'><strong>conatu</strong></span> <span class='ocrx_word' id='word_1_113' title='bbox 689 1741 821 1824; x_wconf 90' lang='lat' dir='ltr'><strong>eiusque</strong></span> <span class='ocrx_word' id='word_1_114' title='bbox 839 1739 1007 1805; x_wconf 77' lang='lat' dir='ltr'><strong>desideriis</strong></span> <span class='ocrx_word' id='word_1_115' title='bbox 1031 1741 1128 1805; x_wconf 84' lang='lat' dir='ltr'><strong>satia·</strong></span> 
     </span>
     <span class='ocr_line' id='line_1_17' title="bbox 109 1827 1128 1912; baseline 0.001 -20"><span class='ocrx_word' id='word_1_116' title='bbox 109 1832 165 1892; x_wconf 90' lang='lat' dir='ltr'><strong>tus</strong></span> <span class='ocrx_word' id='word_1_117' title='bbox 193 1827 306 1893; x_wconf 84' lang='lat' dir='ltr'><strong>ridens</strong></span> <span class='ocrx_word' id='word_1_118' title='bbox 334 1827 494 1894; x_wconf 88' lang='lat' dir='ltr'><strong>Helenam</strong></span> <span class='ocrx_word' id='word_1_119' title='bbox 525 1829 564 1894; x_wconf 89' lang='lat' dir='ltr'><strong>do</strong></span> <span class='ocrx_word' id='word_1_120' title='bbox 593 1851 629 1894; x_wconf 90' lang='lat' dir='ltr'><strong>re</strong></span> <span class='ocrx_word' id='word_1_121' title='bbox 658 1830 845 1912; x_wconf 86' lang='lat' dir='ltr'><strong>perpetrata</strong></span> <span class='ocrx_word' id='word_1_122' title='bbox 872 1849 970 1912; x_wconf 88' lang='lat' dir='ltr'><strong>super</strong></span> <span class='ocrx_word' id='word_1_123' title='bbox 997 1828 1128 1895; x_wconf 90' lang='lat' dir='ltr'><strong>modum</strong></span> 
     </span>
     <span class='ocr_line' id='line_1_18' title="bbox 110 1913 1128 2000; baseline 0.004 -21"><span class='ocrx_word' id='word_1_124' title='bbox 110 1916 278 1982; x_wconf 83' lang='lat' dir='ltr'><strong>dolentem</strong></span> <span class='ocrx_word' id='word_1_125' title='bbox 302 1919 336 1980; x_wconf 89' lang='lat' dir='ltr'><strong>et</strong></span> <span class='ocrx_word' id='word_1_126' title='bbox 364 1917 531 1982; x_wconf 88' lang='lat' dir='ltr'><strong>turbatam</strong></span> <span class='ocrx_word' id='word_1_127' title='bbox 552 1916 820 2000; x_wconf 87' lang='lat' dir='ltr'><strong>amarissimeque</strong></span> <span class='ocrx_word' id='word_1_128' title='bbox 842 1913 974 1981; x_wconf 88' lang='lat' dir='ltr'><strong>flentem</strong></span> <span class='ocrx_word' id='word_1_129' title='bbox 997 1938 1035 1983; x_wconf 89' lang='lat' dir='ltr'><strong>ao</strong></span> <span class='ocrx_word' id='word_1_130' title='bbox 1057 1921 1128 1982; x_wconf 86' lang='lat' dir='ltr'><strong>tan·</strong></span> 
     </span>
     <span class='ocr_line' id='line_1_19' title="bbox 109 2004 1129 2089; baseline 0.001 -20"><span class='ocrx_word' id='word_1_131' title='bbox 109 2009 182 2069; x_wconf 86' lang='lat' dir='ltr'><strong>taur</strong></span> <span class='ocrx_word' id='word_1_132' title='bbox 204 2005 241 2069; x_wconf 93' lang='lat' dir='ltr'><strong>in</strong></span> <span class='ocrx_word' id='word_1_133' title='bbox 263 2005 337 2088; x_wconf 90' lang='lat' dir='ltr'><strong>ipso</strong></span> <span class='ocrx_word' id='word_1_134' title='bbox 361 2008 435 2070; x_wconf 87' lang='lat' dir='ltr'><strong>actu</strong></span> <span class='ocrx_word' id='word_1_135' title='bbox 458 2008 490 2069; x_wconf 88' lang='lat' dir='ltr'><strong>et</strong></span> <span class='ocrx_word' id='word_1_136' title='bbox 512 2005 755 2089; x_wconf 81' lang='lat' dir='ltr'><strong>posthabuisse</strong></span> <span class='ocrx_word' id='word_1_137' title='bbox 778 2010 812 2068; x_wconf 89' lang='lat' dir='ltr'><strong>et</strong></span> <span class='ocrx_word' id='word_1_138' title='bbox 833 2004 954 2070; x_wconf 85' lang='lat' dir='ltr'><strong>habere</strong></span> <span class='ocrx_word' id='word_1_139' title='bbox 979 2027 1129 2071; x_wconf 83' lang='lat' dir='ltr'><strong>uerecun-</strong></span> 
     </span>
     <span class='ocr_line' id='line_1_20' title="bbox 63 2092 1128 2178; baseline 0.004 -24"><span class='ocrx_word' id='word_1_140' title='bbox 63 2114 95 2154; x_wconf 70' lang='grc' dir='ltr'><strong>ιο</strong></span> <span class='ocrx_word' id='word_1_141' title='bbox 110 2093 202 2158; x_wconf 88' lang='lat' dir='ltr'><strong>diam</strong></span> <span class='ocrx_word' id='word_1_142' title='bbox 226 2093 313 2176; x_wconf 91' lang='lat' dir='ltr'><strong>cepit</strong></span> <span class='ocrx_word' id='word_1_143' title='bbox 335 2092 498 2178; x_wconf 90' lang='lat' dir='ltr'><strong>inquirere</strong></span> <span class='ocrx_word' id='word_1_144' title='bbox 517 2093 706 2159; x_wconf 84' lang='lat' dir='ltr'><strong>admirando</strong></span> <span class='ocrx_word' id='word_1_145' title='bbox 724 2093 809 2158; x_wconf 90' lang='lat' dir='ltr'><strong>unde</strong></span> <span class='ocrx_word' id='word_1_146' title='bbox 827 2096 861 2158; x_wconf 92' lang='lat' dir='ltr'><strong>et</strong></span> <span class='ocrx_word' id='word_1_147' title='bbox 883 2114 966 2177; x_wconf 89' lang='lat' dir='ltr'><strong>quae</strong></span> <span class='ocrx_word' id='word_1_148' title='bbox 985 2096 1072 2157; x_wconf 88' lang='lat' dir='ltr'><strong>esset</strong></span> <span class='ocrx_word' id='word_1_149' title='bbox 1094 2098 1128 2158; x_wconf 91' lang='lat' dir='ltr'><strong>et</strong></span> 
     </span>
     <span class='ocr_line' id='line_1_21' title="bbox 110 2179 1128 2267; baseline 0 -22"><span class='ocrx_word' id='word_1_150' title='bbox 110 2181 183 2246; x_wconf 91' lang='lat' dir='ltr'><strong>eius</strong></span> <span class='ocrx_word' id='word_1_151' title='bbox 206 2181 413 2246; x_wconf 88' lang='lat' dir='ltr'><strong>condiciones</strong></span> <span class='ocrx_word' id='word_1_152' title='bbox 436 2186 471 2247; x_wconf 90' lang='lat' dir='ltr'><strong>et</strong></span> <span class='ocrx_word' id='word_1_153' title='bbox 493 2202 595 2267; x_wconf 81' lang='lat' dir='ltr'><strong>genus</strong></span> <span class='ocrx_word' id='word_1_154' title='bbox 615 2182 756 2247; x_wconf 89' lang='lat' dir='ltr'><strong>sollicite</strong></span> <span class='ocrx_word' id='word_1_155' title='bbox 780 2179 944 2264; x_wconf 82' lang='lat' dir='ltr'><strong>indagare.</strong></span> <span class='ocrx_word' id='word_1_156' title='bbox 979 2179 1026 2245; x_wconf 85' lang='lat' dir='ltr'><strong>Et</strong></span> <span class='ocrx_word' id='word_1_157' title='bbox 1043 2202 1128 2245; x_wconf 90' lang='lat' dir='ltr'><strong>com-</strong></span> 
     </span>
     <span class='ocr_line' id='line_1_22' title="bbox 111 2268 1127 2354; baseline 0.001 -21"><span class='ocrx_word' id='word_1_158' title='bbox 111 2273 207 2352; x_wconf 90' lang='lat' dir='ltr'><strong>perto</strong></span> <span class='ocrx_word' id='word_1_159' title='bbox 229 2269 314 2354; x_wconf 89' lang='lat' dir='ltr'><strong>quod</strong></span> <span class='ocrx_word' id='word_1_160' title='bbox 335 2269 432 2336; x_wconf 89' lang='lat' dir='ltr'><strong>fidem</strong></span> <span class='ocrx_word' id='word_1_161' title='bbox 451 2268 575 2334; x_wconf 77' lang='lat' dir='ltr'><strong>Christi</strong></span> <span class='ocrx_word' id='word_1_162' title='bbox 594 2270 717 2335; x_wconf 88' lang='lat' dir='ltr'><strong>coleret</strong></span> <span class='ocrx_word' id='word_1_163' title='bbox 737 2268 815 2334; x_wconf 93' lang='lat' dir='ltr'><strong>licet</strong></span> <span class='ocrx_word' id='word_1_164' title='bbox 837 2268 908 2352; x_wconf 90' lang='lat' dir='ltr'><strong>ipse</strong></span> <span class='ocrx_word' id='word_1_165' title='bbox 931 2269 1127 2354; x_wconf 80' lang='lat' dir='ltr'><strong>gentilitatis</strong></span> 
     </span>
     <span class='ocr_line' id='line_1_23' title="bbox 111 2357 1128 2442; baseline 0.001 -20"><span class='ocrx_word' id='word_1_166' title='bbox 111 2361 280 2422; x_wconf 89' lang='lat' dir='ltr'><strong>teneretur</strong></span> <span class='ocrx_word' id='word_1_167' title='bbox 302 2380 427 2441; x_wconf 86' lang='lat' dir='ltr'><strong>errore,</strong></span> <span class='ocrx_word' id='word_1_168' title='bbox 453 2359 608 2423; x_wconf 90' lang='lat' dir='ltr'><strong>misertus</strong></span> <span class='ocrx_word' id='word_1_169' title='bbox 631 2357 694 2422; x_wconf 93' lang='lat' dir='ltr'><strong>sibi</strong></span> <span class='ocrx_word' id='word_1_170' title='bbox 717 2357 877 2442; x_wconf 79' lang='lat' dir='ltr'><strong>quoddam</strong></span> <span class='ocrx_word' id='word_1_171' title='bbox 901 2362 1128 2423; x_wconf 89' lang='lat' dir='ltr'><strong>ornamentum</strong></span> 
     </span>
     <span class='ocr_line' id='line_1_24' title="bbox 109 2445 1127 2530; baseline 0 -20"><span class='ocrx_word' id='word_1_172' title='bbox 109 2445 215 2510; x_wconf 89' lang='lat' dir='ltr'><strong>mirae</strong></span> <span class='ocrx_word' id='word_1_173' title='bbox 231 2446 447 2530; x_wconf 85' lang='lat' dir='ltr'><strong>pretiositatis</strong></span> <span class='ocrx_word' id='word_1_174' title='bbox 462 2468 593 2511; x_wconf 83' lang='lat' dir='ltr'><strong>scauro</strong></span> <span class='ocrx_word' id='word_1_175' title='bbox 611 2446 848 2530; x_wconf 80' lang='lat' dir='ltr'><strong>pretiosissimo</strong></span> <span class='ocrx_word' id='word_1_176' title='bbox 867 2446 1127 2530; x_wconf 90' lang='lat' dir='ltr'><strong>pretiosissimis·</strong></span> 
     </span>
     <span class='ocr_line' id='line_1_25' title="bbox 62 2533 1125 2620; baseline 0.005 -25"><span class='ocrx_word' id='word_1_177' title='bbox 62 2553 93 2595; x_wconf 82' lang='lat' dir='ltr'><strong>ss</strong></span> <span class='ocrx_word' id='word_1_178' title='bbox 109 2555 173 2618; x_wconf 90' lang='lat' dir='ltr'><strong>quc</strong></span> <span class='ocrx_word' id='word_1_179' title='bbox 200 2535 338 2620; x_wconf 81' lang='lat' dir='ltr'><strong>gemmis</strong></span> <span class='ocrx_word' id='word_1_180' title='bbox 369 2535 599 2619; x_wconf 86' lang='lat' dir='ltr'><strong>compositum,</strong></span> <span class='ocrx_word' id='word_1_181' title='bbox 630 2555 692 2620; x_wconf 92' lang='lat' dir='ltr'><strong>quo</strong></span> <span class='ocrx_word' id='word_1_182' title='bbox 722 2533 780 2600; x_wconf 88' lang='lat' dir='ltr'><strong>illo</strong></span> <span class='ocrx_word' id='word_1_183' title='bbox 808 2539 954 2619; x_wconf 91' lang='lat' dir='ltr'><strong>tempore</strong></span> <span class='ocrx_word' id='word_1_184' title='bbox 982 2535 1044 2600; x_wconf 91' lang='lat' dir='ltr'><strong>soli</strong></span> <span class='ocrx_word' id='word_1_185' title='bbox 1066 2535 1125 2600; x_wconf 91' lang='lat' dir='ltr'><strong>im-</strong></span> 
     </span>
     <span class='ocr_line' id='line_1_26' title="bbox 107 2622 1128 2708; baseline 0.001 -21"><span class='ocrx_word' id='word_1_186' title='bbox 107 2627 277 2706; x_wconf 83' lang='lat' dir='ltr'><strong>peratores</strong></span> <span class='ocrx_word' id='word_1_187' title='bbox 291 2623 326 2688; x_wconf 94' lang='lat' dir='ltr'><strong>in</strong></span> <span class='ocrx_word' id='word_1_188' title='bbox 340 2622 485 2688; x_wconf 89' lang='lat' dir='ltr'><strong>humeris</strong></span> <span class='ocrx_word' id='word_1_189' title='bbox 500 2622 609 2688; x_wconf 87' lang='lat' dir='ltr'><strong>ornari</strong></span> <span class='ocrx_word' id='word_1_190' title='bbox 627 2626 872 2708; x_wconf 77' lang='lat' dir='ltr'><strong>consueverunt,</strong></span> <span class='ocrx_word' id='word_1_191' title='bbox 892 2645 964 2688; x_wconf 91' lang='lat' dir='ltr'><strong>oum</strong></span> <span class='ocrx_word' id='word_1_192' title='bbox 986 2623 1128 2708; x_wconf 90' lang='lat' dir='ltr'><strong>quodam</strong></span> 
     </span>
     <span class='ocr_line' id='line_1_27' title="bbox 108 2711 1128 2796; baseline 0.002 -21"><span class='ocrx_word' id='word_1_193' title='bbox 108 2711 232 2776; x_wconf 87' lang='lat' dir='ltr'><strong>annulo</strong></span> <span class='ocrx_word' id='word_1_194' title='bbox 258 2711 508 2796; x_wconf 86' lang='lat' dir='ltr'><strong>pretiosissimo,</strong></span> <span class='ocrx_word' id='word_1_195' title='bbox 540 2734 636 2796; x_wconf 92' lang='lat' dir='ltr'><strong>quem</strong></span> <span class='ocrx_word' id='word_1_196' title='bbox 663 2711 698 2775; x_wconf 93' lang='lat' dir='ltr'><strong>in</strong></span> <span class='ocrx_word' id='word_1_197' title='bbox 730 2733 789 2776; x_wconf 88' lang='lat' dir='ltr'><strong>sua</strong></span> <span class='ocrx_word' id='word_1_198' title='bbox 821 2712 974 2796; x_wconf 83' lang='lat' dir='ltr'><strong>gestabat</strong></span> <span class='ocrx_word' id='word_1_199' title='bbox 1005 2712 1128 2796; x_wconf 72' lang='lat' dir='ltr'><strong>derha,</strong></span> 
     </span>
     <span class='ocr_line' id='line_1_28' title="bbox 109 2797 468 2866; baseline 0.011 -4"><span class='ocrx_word' id='word_1_200' title='bbox 109 2797 245 2866; x_wconf 85' lang='lat' dir='ltr'><strong>donauit</strong></span> <span class='ocrx_word' id='word_1_201' title='bbox 269 2803 302 2864; x_wconf 90' lang='lat' dir='ltr'><strong>et</strong></span> <span class='ocrx_word' id='word_1_202' title='bbox 324 2802 468 2866; x_wconf 86' lang='lat' dir='ltr'><strong>recessit.</strong></span> 
     </span>
     <span class='ocr_line' id='line_1_29' title="bbox 198 2887 1162 2972; baseline -0.002 -20"><span class='ocrx_word' id='word_1_203' title='bbox 198 2887 401 2971; x_wconf 89' lang='lat' dir='ltr'><strong>Paupercula</strong></span> <span class='ocrx_word' id='word_1_204' title='bbox 428 2893 537 2954; x_wconf 89' lang='lat' dir='ltr'><strong>autem</strong></span> <span class='ocrx_word' id='word_1_205' title='bbox 566 2890 709 2955; x_wconf 89' lang='lat' dir='ltr'><strong>sentiens</strong></span> <span class='ocrx_word' id='word_1_206' title='bbox 743 2888 782 2953; x_wconf 88' lang='lat' dir='ltr'><strong>de</strong></span> <span class='ocrx_word' id='word_1_207' title='bbox 809 2887 970 2972; x_wconf 83' lang='lat' dir='ltr'><strong>imperiali</strong></span> <span class='ocrx_word' id='word_1_208' title='bbox 1003 2887 1162 2954; x_wconf 87' lang='lat' dir='ltr'><strong>semine4</strong></span> 
     </span>
     <span class='ocr_line' id='line_1_30' title="bbox 60 2977 1126 3062; baseline 0.006 -24"><span class='ocrx_word' id='word_1_209' title='bbox 60 2995 92 3038; x_wconf 83' lang='lat' dir='ltr'><strong>so</strong></span> <span class='ocrx_word' id='word_1_210' title='bbox 107 2997 144 3040; x_wconf 90' lang='lat' dir='ltr'><strong>se</strong></span> <span class='ocrx_word' id='word_1_211' title='bbox 162 2977 348 3060; x_wconf 77' lang='lat' dir='ltr'><strong>concepisse</strong></span> <span class='ocrx_word' id='word_1_212' title='bbox 367 2981 494 3043; x_wconf 85' lang='lat' dir='ltr'><strong>tautam</strong></span> <span class='ocrx_word' id='word_1_213' title='bbox 513 2978 549 3043; x_wconf 90' lang='lat' dir='ltr'><strong>in</strong></span> <span class='ocrx_word' id='word_1_214' title='bbox 567 2999 601 3042; x_wconf 92' lang='lat' dir='ltr'><strong>se</strong></span> <span class='ocrx_word' id='word_1_215' title='bbox 618 2977 845 3044; x_wconf 85' lang='lat' dir='ltr'><strong>verecundiam</strong></span> <span class='ocrx_word' id='word_1_216' title='bbox 864 2977 1020 3061; x_wconf 85' lang='lat' dir='ltr'><strong>concepit,</strong></span> <span class='ocrx_word' id='word_1_217' title='bbox 1039 2978 1126 3062; x_wconf 91' lang='lat' dir='ltr'><strong>quod</strong></span> 
     </span>
     <span class='ocr_line' id='line_1_31' title="bbox 108 3063 1126 3152; baseline 0.002 -23"><span class='ocrx_word' id='word_1_218' title='bbox 108 3063 151 3129; x_wconf 87' lang='lat' dir='ltr'><strong>ad</strong></span> <span class='ocrx_word' id='word_1_219' title='bbox 172 3065 318 3130; x_wconf 84' lang='lat' dir='ltr'><strong>natalem</strong></span> <span class='ocrx_word' id='word_1_220' title='bbox 341 3067 484 3149; x_wconf 88' lang='lat' dir='ltr'><strong>patriam</strong></span> <span class='ocrx_word' id='word_1_221' title='bbox 506 3088 670 3152; x_wconf 89' lang='lat' dir='ltr'><strong>nunquam</strong></span> <span class='ocrx_word' id='word_1_222' title='bbox 694 3087 729 3132; x_wconf 88' lang='lat' dir='ltr'><strong>se</strong></span> <span class='ocrx_word' id='word_1_223' title='bbox 753 3086 958 3132; x_wconf 83' lang='lat' dir='ltr'><strong>reversurum</strong></span> <span class='ocrx_word' id='word_1_224' title='bbox 980 3065 1050 3130; x_wconf 87' lang='lat' dir='ltr'><strong>fore</strong></span> <span class='ocrx_word' id='word_1_225' title='bbox 1073 3065 1126 3132; x_wconf 91' lang='lat' dir='ltr'><strong>de·</strong></span> 
     </span>
     <span class='ocr_line' id='line_1_32' title="bbox 108 3152 1125 3239; baseline 0.002 -21"><span class='ocrx_word' id='word_1_226' title='bbox 108 3153 224 3238; x_wconf 83' lang='lat' dir='ltr'><strong>crevit3</strong></span> <span class='ocrx_word' id='word_1_227' title='bbox 252 3153 309 3217; x_wconf 89' lang='lat' dir='ltr'><strong>sed</strong></span> <span class='ocrx_word' id='word_1_228' title='bbox 333 3155 373 3219; x_wconf 92' lang='lat' dir='ltr'><strong>ad</strong></span> <span class='ocrx_word' id='word_1_229' title='bbox 402 3155 560 3239; x_wconf 85' lang='lat' dir='ltr'><strong>quosdam</strong></span> <span class='ocrx_word' id='word_1_230' title='bbox 582 3156 686 3220; x_wconf 91' lang='lat' dir='ltr'><strong>bonos</strong></span> <span class='ocrx_word' id='word_1_231' title='bbox 709 3154 858 3220; x_wconf 89' lang='lat' dir='ltr'><strong>homines</strong></span> <span class='ocrx_word' id='word_1_232' title='bbox 879 3154 977 3220; x_wconf 89' lang='lat' dir='ltr'><strong>fidem</strong></span> <span class='ocrx_word' id='word_1_233' title='bbox 1001 3152 1125 3221; x_wconf 82' lang='lat' dir='ltr'><strong>Christi</strong></span> 
     </span>
     <span class='ocr_line' id='line_1_33' title="bbox 108 3241 1126 3328; baseline 0.005 -23"><span class='ocrx_word' id='word_1_234' title='bbox 108 3244 232 3306; x_wconf 89' lang='lat' dir='ltr'><strong>secrete</strong></span> <span class='ocrx_word' id='word_1_235' title='bbox 252 3241 395 3308; x_wconf 89' lang='lat' dir='ltr'><strong>colentes</strong></span> <span class='ocrx_word' id='word_1_236' title='bbox 415 3243 547 3309; x_wconf 85' lang='lat' dir='ltr'><strong>divertit</strong></span> <span class='ocrx_word' id='word_1_237' title='bbox 571 3246 604 3308; x_wconf 89' lang='lat' dir='ltr'><strong>et</strong></span> <span class='ocrx_word' id='word_1_238' title='bbox 622 3265 694 3308; x_wconf 88' lang='lat' dir='ltr'><strong>cum</strong></span> <span class='ocrx_word' id='word_1_239' title='bbox 716 3243 796 3328; x_wconf 91' lang='lat' dir='ltr'><strong>ipsis</strong></span> <span class='ocrx_word' id='word_1_240' title='bbox 820 3243 855 3307; x_wconf 92' lang='lat' dir='ltr'><strong>in</strong></span> <span class='ocrx_word' id='word_1_241' title='bbox 872 3243 951 3309; x_wconf 91' lang='lat' dir='ltr'><strong>urbe</strong></span> <span class='ocrx_word' id='word_1_242' title='bbox 974 3244 1126 3311; x_wconf 87' lang='lat' dir='ltr'><strong>habitare</strong></span> 
     </span>
    </p>
   </div>
   <div class='ocr_carea' id='block_1_5' title="bbox 108 3451 1125 3594">
    <p class='ocr_par' dir='ltr' id='par_1_5' title="bbox 108 3451 1125 3594">
     <span class='ocr_line' id='line_1_34' title="bbox 180 3451 1125 3525; baseline 0.003 -18"><span class='ocrx_word' id='word_1_243' title='bbox 180 3458 197 3507; x_wconf 83' lang='lat'>5</span> <span class='ocrx_word' id='word_1_244' title='bbox 215 3453 331 3520; x_wconf 77' lang='lat' dir='ltr'><strong>fortasse</strong></span> <span class='ocrx_word' id='word_1_245' title='bbox 341 3457 405 3521; x_wconf 86' lang='lat' dir='ltr'><strong>post</strong></span> <span class='ocrx_word' id='word_1_246' title='bbox 422 3451 458 3506; x_wconf 89' lang='lat' dir='ltr'><strong>de</strong></span> <span class='ocrx_word' id='word_1_247' title='bbox 473 3469 506 3507; x_wconf 86' lang='lat' dir='ltr'><strong>ea</strong></span> <span class='ocrx_word' id='word_1_248' title='bbox 519 3454 677 3509; x_wconf 63' lang='grc' dir='ltr'><strong>αάἀεηᾶατη</strong></span> <span class='ocrx_word' id='word_1_249' title='bbox 694 3458 785 3509; x_wconf 80' lang='lat' dir='ltr'><strong>estre.</strong></span> <span class='ocrx_word' id='word_1_250' title='bbox 877 3461 909 3510; x_wconf 85' lang='lat'><strong>11</strong></span> <span class='ocrx_word' id='word_1_251' title='bbox 931 3453 1125 3525; x_wconf 86' lang='lat' dir='ltr'><strong>oportunitate</strong></span> 
     </span>
     <span class='ocr_line' id='line_1_35' title="bbox 108 3522 711 3594; baseline 0.003 -15"><span class='ocrx_word' id='word_1_252' title='bbox 108 3524 185 3579; x_wconf 79' lang='lat' dir='ltr'><strong>codd.</strong></span> <span class='ocrx_word' id='word_1_253' title='bbox 261 3529 295 3577; x_wconf 78' lang='lat'><strong>14</strong></span> <span class='ocrx_word' id='word_1_254' title='bbox 313 3522 456 3594; x_wconf 89' lang='lat' dir='ltr'><strong>oppressit</strong></span> <span class='ocrx_word' id='word_1_255' title='bbox 473 3523 516 3591; x_wconf 90' lang='lat' dir='ltr'><strong>D,</strong></span> <span class='ocrx_word' id='word_1_256' title='bbox 535 3523 657 3594; x_wconf 89' lang='lat' dir='ltr'><strong>opressit</strong></span> <span class='ocrx_word' id='word_1_257' title='bbox 674 3524 711 3581; x_wconf 82' lang='lat' dir='ltr'><strong>F.</strong></span> 
     </span>
    </p>
   </div>
   <div class='ocr_carea' id='block_1_6' title="bbox 927 3612 964 3666">
    <p class='ocr_par' dir='ltr' id='par_1_6' title="bbox 927 3612 964 3666">
     <span class='ocr_line' id='line_1_36' title="bbox 927 3612 964 3666; baseline 0 -21"><span class='ocrx_word' id='word_1_258' title='bbox 927 3612 964 3666; x_wconf 73' lang='lat'><strong>1*</strong></span> 
     </span>
    </p>
   </div>
   <div class='ocr_carea' id='block_1_7' title="bbox 0 0 1292 3942">
    <p class='ocr_par' dir='ltr' id='par_1_7' title="bbox 0 0 1292 3942">
     <span class='ocr_line' id='line_1_37' title="bbox 0 0 1292 3942; baseline 0 1"><span class='ocrx_word' id='word_1_259' title='bbox 0 0 1292 3942; x_wconf 95' lang='lat' dir='ltr'><strong> </strong></span> 
     </span>
    </p>
   </div>
  </div>
 </body>
</html>
