2576 3942
504 221 719 286 -15-

11 451 12 462 χ
98 374 271 443 nostrum’.
312 378 376 443 Per
404 401 485 464 quae
514 382 547 445 et
573 379 626 444 his
654 380 776 445 similia
804 381 949 447 animum
974 382 1037 446 viri
1068 382 1118 446 sui

100 464 291 550 aliqualiter
313 467 486 552 mitigavit.

190 552 327 620 Nobiles
343 561 452 622 autem
467 556 620 641 coniuges
634 557 719 622 nihil
735 558 821 624 aliud
839 558 924 642 apud
943 579 977 622 se
995 557 1115 623 haben·
1127 561 1172 626 23

98 645 166 723 tes,
193 640 233 705 de
257 665 319 728 quo
344 645 452 710 cibum
475 649 509 711 et
531 651 645 729 potum
669 668 796 712 sumere
818 651 966 731 possent,
990 647 1055 711 nisi
1078 647 1116 712 de

71 729 262 796 efructibus
281 734 483 816 quarundam
502 735 656 800 orborum
675 757 755 818 quas
773 736 808 800 in
826 735 991 819 praedicta
1009 735 1118 800 insula
1186 753 1189 757 ·

98 819 296 885 invenerunt
317 826 350 887 et
377 823 525 906 deaque
547 823 713 889 maritima
740 845 776 889 se
805 846 863 908 per
890 824 1018 909 aliquos
1047 824 1117 888 dies

99 906 284 974 refecerumt
311 910 399 974 aliud
428 911 558 994 penitus
590 912 826 977 nutrimentum
853 933 921 977 nou
950 912 1117 976 habentes.

100 993 184 1060 Cum
208 1001 317 1063 autem
344 999 503 1083 placuerit
530 999 657 1065 divinae
684 1001 813 1084 pietati,
841 1022 923 1085 quae
945 999 1117 1065 Danielem

100 1084 141 1148 de
163 1084 236 1150 lucu
259 1085 392 1151 leonum
414 1087 581 1172 liberavit,
608 1109 665 1153 eos
688 1089 837 1154 similiter
860 1089 1015 1172 liberare,
1044 1109 1117 1153 oon·

61 1193 85 1231 ro
99 1172 180 1256 tigit
211 1178 250 1238 ut
280 1175 344 1258 ipsi
378 1179 502 1241 stantes
534 1175 683 1242 viderent
714 1176 862 1242 homines
892 1177 1049 1261 quosdam
1078 1177 1118 1241 de

98 1281 203 1345 prope
232 1262 434 1348 navigantes.
487 1264 550 1340 Qui
581 1265 688 1349 gavisi
720 1265 861 1330 multum
893 1266 1119 1331 clamaverunt

100 1370 197 1431 super
231 1371 285 1416 eos
323 1351 480 1417 dieentesz
526 1351 566 1417 ‘0
600 1352 804 1418 dilectissimi
836 1354 999 1437 homines,
1035 1375 1117 1437 quos

99 1437 323 1503 misericordia
359 1439 492 1505 deorum
523 1440 711 1506 sublimium
744 1441 785 1507 ad
816 1441 892 1522 hoo,
928 1446 965 1506 ut
998 1463 1058 1506 nos
1096 1465 1117 1506 a

99 1528 206 1592 morte
239 1527 414 1612 eriperent,
447 1529 488 1593 ad
519 1529 604 1593 huuc
636 1529 744 1594 locum
776 1529 916 1595 feliciter
947 1529 1118 1613 pervenire

62 1632 86 1674 ιε
99 1613 260 1699 fecerunt,
286 1617 379 1681 vobis
406 1617 522 1682 intime
550 1619 782 1702 supplicamus,
811 1622 849 1682 ut
877 1639 988 1683 amore
1016 1617 1118 1682 divini

98 1703 239 1786 praemii
262 1726 299 1768 ac
320 1706 413 1770 nauli
435 1706 536 1772 vestri
557 1727 618 1772 nos
643 1707 685 1772 ad
705 1729 806 1772 naves
831 1711 958 1771 vestras
982 1706 1117 1788 recipia-

98 1792 142 1856 tis
167 1795 200 1856 et
221 1792 407 1876 perducatis
430 1795 471 1859 ad
499 1799 645 1879 portum,
678 1795 719 1860 ad
747 1816 841 1879 quem
868 1817 927 1860 vos
953 1794 1002 1858 ire
1030 1795 1116 1878 cogi-

98 1878 217 1945 tastis'.
254 1880 317 1957 Qui
336 1881 631 1966 quidemhominer
651 1884 899 1968 supramodum
918 1882 1117 1948 admirantes

101 1990 152 2047 eo,
181 1969 268 2052 quod
297 1970 419 2035 ibidem
442 1972 568 2055 aliquos
596 1972 746 2038 homines
774 1993 939 2055 nunquam
968 1972 1117 2037 viderant

59 2060 160 2123 aeaut
191 2056 341 2123 habitare
374 2060 562 2144 credebant,
598 2063 774 2144 coepeumt
805 2061 847 2124 ab
879 2061 921 2124 iis
954 2081 1117 2144 quaerere,

100 2145 242 2230 qualiter
264 2147 384 2212 ibidem
411 2149 646 2232 pervenissent.
688 2148 750 2225 Qui
777 2149 932 2212 timentes
955 2169 1022 2212 non
1045 2168 1116 2212 esse

99 2238 217 2317 tutum,
241 2235 269 2298 si
287 2235 327 2301 iis
347 2240 545 2320 exponerent
563 2237 611 2301 rei
629 2240 742 2320 gestae
760 2237 941 2320 veritatem,
965 2235 1116 2300 dixerunt

99 2323 140 2388 iis
164 2344 223 2407 per
245 2322 332 2389 huno
355 2325 500 2390 modum:

190 2410 398 2478 ‘Mercatores
423 2413 569 2497 quidam,
591 2414 626 2478 in
645 2435 781 2496 quorum
800 2414 951 2479 manibus
969 2434 1028 2478 nos
1047 2434 1116 2476 era·
1125 2411 1171 2475 24

59 2520 85 2562 aa
99 2523 187 2585 mus,
220 2504 415 2584 tempestate
448 2501 556 2567 valida
587 2502 748 2585 compulsi
779 2502 821 2566 ad
850 2503 960 2579 istam,
975 2501 1116 2566 insulam

100 2611 174 2655 cum
198 2589 263 2654 suis
288 2590 425 2654 navibus
448 2591 576 2656 noviter
604 2593 833 2674 pervenerunt,
860 2590 916 2674 qui
943 2611 1016 2654 cum
1042 2589 1118 2654 fati·

100 2677 171 2762 gati
199 2699 218 2742 a
246 2677 415 2744 laboribus
444 2682 476 2744 et
503 2679 789 2763 remigrationibus
812 2678 910 2742 nimis
934 2680 1042 2742 essent
1065 2678 1117 2742 de-

99 2766 321 2831 liberaverunt
348 2767 382 2830 in
409 2767 483 2851 ipsa
508 2767 615 2832 insula
646 2771 862 2850 pernoctem
894 2766 1116 2849 requiescendi

100 2854 210 2937 gratia
232 2875 430 2938 permanere.
467 2853 601 2939 Nosque
624 2854 664 2920 de
686 2854 872 2920 huiusmodi
895 2853 1046 2938 periculis
1068 2854 1117 2917 in·

58 2961 85 3002 so
100 2943 247 3008 consueti
270 2965 308 3007 ac
330 2943 447 3009 timore
470 2945 586 3008 mortis
608 2944 706 3008 nimis
730 2942 896 3028 perterriti
920 2963 1015 3006 mane
1043 2963 1117 3007 eum

99 3031 166 3115 ipsi
194 3034 390 3097 mercatores
418 3032 606 3097 recederent
633 3053 685 3116 eo,
714 3031 799 3117 quod
828 3031 913 3096 oculi
940 3030 1046 3095 nostri
1069 3031 1117 3095 ni·

100 3120 202 3184 mium
232 3119 360 3204 gravati
387 3120 530 3205 fuerant,
557 3143 634 3205 prae
661 3120 798 3185 tristitia
824 3118 1040 3185 remansimus
1063 3117 1117 3183 hic

173 3275 270 3330 lhiis
295 3277 373 3331 codd.
445 3275 579 3331 3nichi1
603 3275 640 3330 F.
720 3275 871 3345 8placuit
895 3275 971 3332 codd.
1045 3291 1116 3344 quae

100 3347 214 3427 compsi,
234 3344 282 3414 qui
297 3348 373 3403 codd.
447 3354 526 3402 9eos
540 3349 611 3402 deest
624 3349 657 3401 iu
670 3347 746 3402 codd.
820 3353 853 3400 10
867 3345 1117 3426 viderentscripei,

102 3416 229 3542 yrtqenltes
253 3419 330 3542 οοξὲ.
404 3423 438 3472 15
460 3418 585 3543 tegerent
607 3418 650 3486 D,
674 3418 809 3487 oeperunt
831 3417 867 3471 F.
941 3422 975 3471 28
997 3431 1061 3485 ipsa
1078 3416 1117 3482 D,

100 3504 125 3540 ra
205 3531 210 3543 .
338 3503 392 3557 que
411 3505 461 3543 om.
511 3530 516 3542 .
