2576 3942
563 227 779 290 ...12-

162 387 333 470 cunctique
366 387 486 450 terreni
518 386 642 451 domini
673 383 780 466 heres,
817 385 922 450 omnis
957 384 1181 469 generationis

161 478 293 540 nostrae
316 475 473 539 memoria
496 497 534 539 ac
557 475 659 539 totius
682 474 811 540 futurae
836 474 1040 558 posteritatis
1064 474 1180 539 archa!

161 563 203 646 0,
222 564 264 646 si,
283 563 368 647 quod
388 563 487 647 absit,
506 563 614 646 aliquo
634 562 837 628 infelicitatis
859 583 936 627 casu
958 563 1020 626 viis
1040 566 1074 626 et
1091 563 1180 628 votis

161 651 228 716 tuis
248 652 428 716 obsistente
450 655 483 716 te
506 653 639 735 perdere
658 673 717 716 nos
737 652 956 735 contingeret,
981 649 1095 729 exinde
1112 673 1182 718 non

162 741 268 806 solum
292 739 467 804 cuiuslibet
489 740 602 805 solacii
622 740 796 824 refugium,
818 761 930 805 verum
953 739 1053 803 etiam
1075 740 1211 804 totiuss

161 828 366 913 posteritatis
379 831 513 894 nostrae
528 829 662 894 exitium
676 829 792 893 deflere
807 850 908 912 usque
924 827 1077 892 adfinem
1091 829 1181 893 vitae

161 921 293 983 nostrae
312 917 542 982 miserabiliter
562 917 697 1002 dignum
715 921 802 982 esset
818 939 878 982 neo
891 917 980 980 ultra
993 916 1104 981 vivere
1123 917 1182 981 sed

161 1007 245 1070 mori
272 1005 401 1069 forata
430 1004 489 1068 deo
514 1005 590 1070 altis
617 1005 764 1089 suspiriis
793 1005 905 1070 sedulo
932 1004 1181 1088 postulandum

161 1094 284 1158 nullius
309 1093 477 1157 solaminis
501 1115 561 1176 spe
580 1093 671 1158 refici
694 1094 751 1158 sed
772 1094 876 1158 totius
897 1093 1122 1158 tribulationis
1148 1099 1182 1156 et

163 1181 332 1267 angustiae
369 1181 456 1246 affici
492 1181 626 1265 dignum
663 1183 817 1246 ducerent
852 1183 891 1246 de
934 1186 1041 1246 cetero
1083 1181 1227 1246 cordaio

161 1274 285 1335 nostra.
327 1269 421 1334 Oculi
443 1270 549 1334 nostri
566 1271 675 1334 vultus
699 1271 749 1334 tui
772 1270 894 1334 lumine
916 1269 1181 1352 praeclarissimo

162 1357 350 1442 depraedati
365 1359 526 1423 continuis
540 1358 748 1424 lacrimarum
767 1358 913 1423 fontibus
931 1358 1033 1424 facies
1047 1362 1180 1423 nostras

163 1447 300 1531 irrigare
327 1447 489 1512 uberrime
517 1448 633 1512 merito
665 1451 864 1533 cogerentur.
910 1445 1017 1511 Aures
1047 1451 1181 1512 nostras

164 1537 276 1601 audito
296 1539 372 1599 tuae
390 1534 582 1618 perditionis
602 1556 678 1600 casu
696 1535 819 1600 infelici
838 1541 996 1600 terrorem
1014 1534 1181 1600 dolorissi·

164 1647 252 1688 mum
279 1625 422 1706 recipere
449 1629 484 1706 et
511 1624 630 1688 habere
654 1645 782 1706 semper
805 1627 838 1688 et
863 1625 1062 1688 incessanter
1086 1645 1226 1706 opor-15

164 1716 248 1776 teret
267 1733 326 1776 neo
342 1716 428 1776 esset
447 1711 578 1795 aliquod
597 1733 768 1795 corporum
782 1715 970 1776 nostrorum
989 1711 1182 1794 membrum,

164 1801 249 1884 quod
268 1804 337 1864 tam
350 1798 527 1864 nefandum
546 1801 751 1867 infelicitatis
765 1822 877 1866 casum
893 1799 1182 1864 amarissimoenon

164 1888 305 1953 defleret.
341 1887 387 1951 Et
407 1888 448 1970 si,
467 1889 552 1972 quod
572 1889 667 1972 absit,
691 1889 821 1973 aliquod
839 1888 916 1957 talis
935 1888 971 1952 in
989 1889 1181 1972 corporibus

162 1976 285 2042 nostris
305 1975 510 2040 insedilitatis
529 1977 711 2041 membrum
729 1977 863 2060 reperiri
880 1977 1095 2060 contingeret,
1117 1976 1181 2042 hoo

112 2147 153 2211 18
166 2069 252 2130 esset
253 2064 387 2216 Hpiowi
407 2064 508 2217 {lubio
532 2065 660 2216 indidi
675 2065 825 2216 pretiique
849 2063 1101 2217 abpcidendum’.
1124 2152 1166 2216 sti
1195 2088 1224 2128 so

287 2175 315 2216 rs
346 2175 362 2218 e
431 2175 593 2218 urusmor
625 2173 802 2236 pangenr
829 2175 882 2219 mo
905 2175 933 2217 rs
961 2175 1042 2237 rpsrs
1069 2174 1123 2216 mu
1167 2187 1179 2198 -

163 2241 363 2332 plicantibus
392 2244 425 2305 et
452 2242 540 2305 ultra
568 2263 665 2324 quam
692 2242 755 2306 diei
782 2241 887 2325 possit
914 2241 1181 2306 continuantibus

163 2331 379 2412 pervenerunt
409 2330 450 2393 ad
479 2333 617 2413 portam.
660 2329 706 2394 Et
732 2331 844 2395 navim
871 2331 1059 2413 deputatam
1087 2329 1181 2394 nobi·

163 2418 281 2482 lissimi
300 2417 453 2502 coniuges
472 2417 684 2482 intraverrmt.
721 2418 767 2482 Et
786 2419 1041 2484 valedicentibus
1065 2438 1181 2501 paren-

162 2506 251 2570 tibus
279 2505 424 2588 ipsisque
451 2527 563 2570 rursus
591 2506 840 2572 valedictionem
867 2506 1101 2572 lacrimabilem
1130 2526 1180 2568 re·
1194 2527 1222 2568 as

162 2594 343 2658 ferentibus
366 2597 564 2658 mercatores
582 2595 718 2677 pessimi
740 2596 855 2660 erectis
878 2595 960 2660 velis
981 2598 1014 2659 et
1031 2593 1179 2677 remigiis

112 2765 154 2828 19
164 2681 728 2873 aptatqsappqqdqurpvtrqaapsestqqup
730 2685 859 2854 iiiique
872 2774 970 2872 parte
989 2771 1087 2836 maris
1111 2771 1179 2835 iam

163 2879 291 3013 {tritt
317 2858 547 3012 {tantilli
574 2881 846 3014 steteritis
868 2863 1178 3033 stultius
1192 2970 1220 3009 ³0

164 3035 270 3100 sulam
293 3035 476 3118 parvulam,
500 3057 582 3119 quae
600 3035 698 3100 nullis
717 3036 966 3104 inhabitabatur
990 3037 1177 3102 hominibus

164 3123 219 3188 sed
237 3124 372 3207 rupibus
391 3126 425 3187 et
446 3125 572 3189 rubetis
590 3124 722 3189 incultis
739 3128 772 3190 et
790 3125 959 3190 horrendis
979 3125 1178 3192 exuberabat

236 3358 267 3405 13
287 3353 398 3405 nostras
421 3352 463 3417 D,
486 3352 598 3407 nostrae
621 3351 658 3404 F.
732 3358 765 3407 17
788 3351 970 3420 nephandum
993 3352 1068 3406 codd.
1144 3357 1177 3405 18

161 3421 262 3475 talium
288 3425 363 3478 codd.
448 3428 480 3476 19
507 3422 665 3490 contigeret
689 3424 765 3478 codd.
844 3429 877 3476 21
904 3421 960 3476 hiis
986 3423 1062 3476 codd.
1142 3427 1177 3476 23

163 3491 259 3546 navim
273 3494 350 3548 codd.
367 3494 395 3562 (l)
469 3499 502 3548 25
518 3491 716 3547 valedictionis
730 3495 816 3559 codd,
830 3491 1048 3547 valedictionem
1062 3495 1170 3548 correxi
