2576 3942
511 240 704 304 -9-

97 399 306 481 propositum
325 419 418 463 suum
436 399 614 464 terminare
633 400 799 481 cupientes
817 398 1047 482 imperatorem
1065 420 1116 463 ac·

99 490 269 550 cesserunt
291 485 449 552 dicentes:
483 486 634 552 ‘Domine
657 487 848 570 imperator,
876 507 934 551 vos
958 487 1039 551 scire
1063 487 1116 551 de-

98 573 195 658 betis,
218 574 305 658 quod
322 575 356 640 in
374 595 503 642 recessu
520 580 633 640 nostro
657 574 696 640 de
715 575 795 639 urbe
814 597 834 639 a
852 573 983 639 domino
1001 578 1116 640 nostro

98 663 324 728 Romanorum
347 664 542 747 imperatore
562 663 747 747 specialiter
766 663 947 747 recepimus
971 663 1006 726 in
1028 685 1117 728 man-

71 770 85 810 c
101 752 199 833 datis,
216 755 254 815 ut
270 753 394 837 nuptiis
410 774 483 817 cum
498 753 718 818 sollemnitate
737 753 875 835 peractis
890 752 994 815 filium
1014 772 1118 832 suum,

101 861 198 923 quem
231 839 315 905 sicut
347 862 381 906 se
412 841 520 923 ipsum
552 839 675 924 diligit,
712 861 784 906 cum
817 861 876 903 sua
907 840 1043 923 coniuge
1076 840 1118 904 ad

100 927 242 994 Romam
263 929 415 994 reducere
438 927 622 1010 debeamus,
646 928 731 1012 quod
753 928 818 992 nisi
840 928 1011 992 fecerimus
1034 928 1118 992 nihil

101 1016 192 1081 aliud
214 1017 310 1081 nobis
330 1021 479 1099 superest
495 1017 560 1082 nisi
577 1016 671 1082 mori.
705 1017 836 1080 Placeat
853 1035 932 1099 ergo
951 1016 1117 1080 maiestati

100 1109 232 1170 vertrae
255 1105 358 1169 filiam
381 1109 522 1170 vestram
543 1125 614 1170 cum
638 1126 697 1169 suo
719 1104 789 1168 filio
810 1104 976 1169 remittere
999 1104 1118 1189 ipram-

59 1213 85 1252 1o
101 1214 165 1277 que
192 1193 287 1258 nobis
316 1195 399 1258 sicut
426 1194 464 1258 dc
491 1194 559 1258 filio
588 1214 647 1257 suo
670 1192 749 1256 feeit
770 1192 925 1256 traditam
954 1192 994 1257 ad
1016 1213 1117 1258 reces-

101 1304 175 1346 sum
199 1283 284 1346 sicut
306 1281 470 1346 maiestati
490 1285 618 1347 vestrae
641 1280 766 1364 placuit
784 1282 817 1344 et
835 1300 1014 1364 congruere
1030 1281 1117 1346 vide·

100 1370 192 1435 bitur
215 1370 311 1435 citius
335 1370 506 1453 expedire'.

191 1456 373 1542 Imperator
399 1458 453 1522 his
482 1457 601 1522 auditis
629 1478 695 1521 una
722 1479 795 1521 cum
826 1456 1032 1540 imperatrice
1059 1479 1118 1520 sua
1129 1453 1173 1516 13

102 1547 241 1629 coniuge
266 1546 441 1630 stupefacti
463 1551 497 1611 et
519 1546 558 1610 de
581 1545 703 1610 talibus
726 1544 864 1610 novibus
887 1545 1024 1608 nimium
1044 1565 1117 1608 con·

59 1652 86 1692 15
101 1635 229 1698 tristati
243 1638 418 1719 coeperunt
436 1635 522 1700 inter
538 1656 572 1698 ec
591 1634 709 1699 dicere:
730 1632 908 1708 ‘Quomodo
927 1654 987 1697 nos
1006 1633 1119 1697 miseri

102 1723 160 1807 qui
174 1725 302 1787 tantum
316 1723 446 1788 unicam
459 1723 618 1787 habemus
633 1722 735 1786 filiam
749 1721 910 1804 heredem,
927 1721 966 1784 de
981 1721 1119 1785 duorum

100 1811 273 1876 hominum
297 1815 523 1876 extraneorum
547 1810 727 1876 assertione
749 1811 784 1874 in
806 1812 934 1872 tantum
959 1809 1120 1874 confidere

101 1921 290 1983 possumus,
322 1900 407 1982 quod
439 1900 540 1964 filiam
570 1901 718 1963 nostram
750 1919 847 1981 quam
879 1897 964 1962 sicut
991 1898 1119 1962 animas

101 1990 233 2052 nostras
253 1987 418 2072 diligimus
437 2009 598 2072 quamque
617 1987 652 2050 in
671 1989 794 2071 gremio
819 1986 987 2069 sanguinis
1011 1985 1119 2052 cordis

57 2095 86 2134 20
101 2077 209 2141 nostri
228 2076 439 2140 enutrivimus
458 2076 569 2140 lumen
586 2075 755 2140 oculorum
772 2077 957 2138 nostrorum
972 2079 1006 2138 et
1024 2075 1118 2138 bacu-

101 2166 171 2228 lum
204 2164 383 2233 senectutis
406 2168 535 2228 nostrae
567 2184 740 2246 possumus
769 2183 788 2224 a
817 2162 912 2226 nobis
944 2182 1045 2243 usque
1078 2161 1119 2224 ad

102 2256 232 2316 tantam
261 2253 323 2318 loci
346 2251 536 2316 distantiam
560 2269 731 2334 segregare
753 2249 949 2333 nescientes,
976 2252 1004 2314 si
1027 2249 1119 2333 longi

102 2342 226 2423 latique
241 2340 340 2404 marie
357 2338 542 2405 intermedii
559 2339 782 2404 transfretatio
797 2359 854 2402 seu
867 2337 994 2402 viarum
1008 2338 1119 2402 discri-

102 2429 194 2493 mina
208 2429 475 2512 longissimarum
488 2428 587 2492 talem
601 2427 741 2492 fortasse
755 2449 848 2491 casus
862 2429 1012 2492 eventum
1027 2447 1119 2509 prae-

57 2535 86 2576 25
102 2518 193 2599 boat,
230 2521 267 2580 ut
297 2517 399 2580 filiam
430 2520 577 2580 nostram
614 2515 860 2580 dilectissimam
894 2536 984 2598 spem
1015 2515 1119 2578 totius

102 2605 219 2670 solacii
241 2604 345 2670 nostri
362 2605 397 2668 in
414 2605 477 2668 hoc
495 2605 623 2669 saeculo
641 2625 808 2686 nunquam
827 2604 936 2668 vivam
955 2603 993 2666 de
1012 2606 1119 2666 cetero

100 2693 226 2758 nostris
240 2694 342 2759 oculis
362 2691 563 2757 videamus‘l'
598 2691 636 2756 ‘0
658 2692 695 2774 si,
715 2692 800 2775 quod
820 2691 915 2768 absit,
933 2690 1016 2755 talia
1033 2712 1120 2754 nova

102 2781 303 2865 reciperem',
321 2781 427 2864 inquit
445 2785 559 2862 mater,
579 2779 668 2865 ‘quid
688 2779 776 2844 aliud
794 2782 931 2843 restaret
948 2779 1012 2842 nisi
1032 2778 1119 2862 quod

100 2890 155 2934 me
179 2869 295 2934 merito
324 2891 383 2952 pro
407 2869 518 2934 dolore
541 2865 760 2952 iugularemf’
802 2867 986 2951 Imperator
1010 2871 1119 2930 autem

57 2980 86 3020 eo
100 2979 163 3023 nee
191 2979 344 3023 coronam
372 2957 573 3041 imperialem
602 2978 660 3022 suo
688 2955 789 3038 capiti
821 2956 987 3038 imponere
1019 2955 1119 3018 immo

100 3067 163 3110 nec
191 3045 274 3110 sicut
300 3047 399 3110 homo
427 3046 552 3128 ratione
580 3048 674 3108 utens
701 3044 837 3126 pedibus
869 3046 904 3107 in
936 3046 1024 3106 terra
1053 3063 1120 3106 am·

101 3134 217 3200 bulare
236 3134 292 3198 sed
311 3134 396 3200 sicut
415 3133 539 3198 animal
558 3133 681 3197 cunctis
705 3131 901 3197 horrendum
922 3151 1120 3196 venenosum

176 3296 192 3345 ὁ
213 3289 422 3359 sollempnitate
441 3290 517 3344 codd.
610 3293 625 3342 7
643 3285 733 3340 nichil
750 3289 827 3344 codd.
916 3293 948 3342 13
967 3285 1023 3342 hiis
1043 3289 1119 3343 codd.

104 3359 277 3417 tenoribus
296 3363 373 3416 codd.
393 3363 424 3430 (1)
502 3366 534 3414 19
554 3358 698 3428 sanguinis
722 3375 771 3414 om.
789 3358 829 3412 F.
902 3365 937 3414 20
960 3362 989 3414 et
1013 3375 1063 3414 om.
1083 3359 1119 3412 F.

103 3439 138 3488 22
166 3433 248 3486 tanta
272 3431 330 3486 loci
355 3429 523 3485 distanciam
547 3432 591 3496 D,
616 3431 697 3484 tanta
718 3429 776 3484 loci
797 3429 938 3484 distancia
958 3431 994 3484 F.
1086 3435 1120 3484 29

102 3501 206 3557 merito
224 3507 257 3558 in
274 3504 304 3557 D
322 3505 461 3572 repetitur.
536 3507 569 3555 80
586 3517 681 3568 ymmo
700 3502 776 3556 codd.
