2576 3942
562 237 776 302 ...14-

163 396 324 481 nitebunt,
352 395 480 481 qnando
507 396 569 461 erit
596 396 749 481 tempus'.
799 396 916 461 Mulier
951 397 1074 476 antem,
1101 394 1179 479 quia

163 485 267 570 magis
304 485 495 550 meticulosa
530 486 603 551 ideo
640 487 745 572 magis
779 486 934 569 sollicita,
966 503 1102 568 surgens
1139 483 1179 546 de

163 574 246 638 lecto
279 577 312 638 et
343 574 456 639 induta
487 576 633 639 vestibus
667 575 767 640 exivit
798 575 836 638 de
868 575 1009 639 tentorio
1044 574 1076 635 et
1104 593 1179 636 cum

163 663 410 747 circumquaque
433 663 645 747 perquisisset
673 684 733 728 nec
755 685 855 729 naves
877 685 937 728 nec
959 662 1108 727 homiues
1131 661 1179 725 in-

163 752 321 836 venisset,
347 773 478 816 reversa
507 752 548 816 ad
576 753 681 817 virum
709 775 782 818 cum
810 773 931 838 magno
959 751 1081 816 eiulatu
1108 771 1179 814 rem
1209 771 1222 809 5

165 844 293 924 gestam
315 841 398 905 dixit
421 839 492 905 sibi.
529 841 591 917 Qui
613 841 676 906 hoc
699 841 809 907 audito
833 863 949 906 manus
971 841 1006 904 in
1029 839 1180 923 proprios

165 929 300 1014 capillos
331 929 477 994 iniiciens
506 951 602 1014 seque
635 930 828 1014 decapillare
859 931 1017 1015 incipiens
1049 926 1181 992 fortiter
1275 937 1276 942 ’

164 1019 199 1082 11
227 1021 353 1082 tantam
382 1019 649 1083 lamentationem
678 1022 711 1082 et
733 1018 876 1083 dolorem
900 1017 1061 1103 prorupit,
1084 1017 1180 1102 quod,

162 1104 237 1171 nisi
258 1107 373 1170 mulier
405 1105 474 1171 eius
510 1107 654 1172 dolorem
687 1108 794 1172 vorbis
826 1106 1054 1174 consolatoriis
1089 1105 1180 1170 miti·
1276 1169 1277 1184 q

163 1199 283 1280 gemet,
308 1217 341 1260 10
364 1195 472 1279 ipsum
491 1199 528 1260 ut
546 1197 682 1261 aestimo
705 1195 836 1280 proprio
856 1195 964 1281 gladio
988 1194 1181 1279 peremisset
1197 1215 1223 1252 10
1276 1203 1277 1214 *

163 1284 287 1348 dicens:
316 1283 358 1348 ‘0
388 1284 506 1349 dilecta
534 1285 666 1349 domina
693 1307 766 1349 mea
793 1288 827 1348 et
850 1307 982 1369 sponsa,
1006 1303 1065 1369 cgo
1090 1284 1180 1348 01111

164 1395 235 1437 sum
264 1373 415 1457 pauperis
445 1373 589 1439 mulieris
617 1375 702 1438 filins
726 1377 758 1438 et
779 1375 842 1438 tibi
864 1374 1085 1439 nobilissimae
1109 1395 1180 1436 mu·
1277 1451 1278 1454 Ἴ

163 1462 237 1526 lieri
264 1484 322 1546 per
349 1462 495 1527 fraudem
524 1466 557 1527 et
589 1462 698 1527 dolum
731 1462 977 1527 maledictorum
1007 1461 1179 1545 hominum

163 1551 343 1634 copulatus.
381 1550 467 1626 Quot
491 1555 524 1616 et
547 1551 661 1635 quanti
683 1553 718 1616 in
741 1552 836 1616 domo
858 1551 962 1635 patris
986 1551 1034 1614 tui
1056 1551 1178 1633 reperi-

163 1643 275 1722 untur,
305 1640 360 1724 qui
390 1638 479 1724 digni
508 1643 541 1703 te
571 1661 630 1723 pro
660 1640 788 1704 familia
817 1661 883 1705 non
916 1644 993 1704 sunt
1024 1639 1177 1723 reputati,
1195 1665 1221 1705 15

163 1749 299 1813 quorum
323 1749 384 1813 ego
407 1727 534 1793 ratione
563 1729 692 1814 generis
716 1750 826 1793 servus
855 1750 925 1794 esse
947 1750 1015 1792 non
1037 1749 1178 1811 possem.
1278 1745 1279 1790 l

162 1816 235 1901 Ego
259 1817 346 1880 enim
370 1839 441 1881 sum
465 1839 563 1882 causa
581 1819 695 1882 mortis
713 1821 789 1882 tuae
813 1820 846 1882 01
869 1818 910 1882 ad
928 1818 1027 1882 istum
1045 1817 1179 1881 misera-

163 1904 262 1969 bilem
277 1905 444 1970 interitum
458 1909 492 1969 te
510 1906 653 1990 perduxi.
684 1905 836 1991 Supplico
852 1909 888 1970 ut
906 1907 958 1972 vel
976 1927 1028 1971 me
1042 1907 1177 1990 proprio

164 1993 271 2078 gladio
295 1994 471 2058 interficias
494 1996 544 2059 vel
568 1995 703 2078 patiaris
727 2017 778 2060 me
801 1996 909 2079 ipsum
932 1993 1100 2079 iugulare'.

111 2082 153 2145 22
252 2081 368 2148 Mulier
395 2105 471 2149 vero
500 2083 569 2148 eius
597 2085 699 2149 nimio
727 2084 838 2150 dolore
866 2089 955 2148 11010
983 2083 1108 2167 sibique
1138 2103 1223 2153 0110

163 2172 258 2236 eorde
287 2172 477 2254 conpatiens
511 2173 742 2237 consolabatur
774 2174 881 2256 ipsum
915 2172 1038 2237 dicens:
1067 2170 1178 2236 ‘Unde

164 2263 220 2324 aut
240 2261 328 2324 cuius
353 2260 548 2325 condicionis
572 2262 624 2325 vel
644 2262 771 2346 generis
791 2263 835 2326 sis
853 2261 904 2326 vel
923 2261 1038 2344 fucris,
1056 2260 1095 2324 de
1113 2259 1177 2325 hoc

163 2371 229 2414 non
253 2369 386 2431 quaero;
410 2350 476 2413 scio
496 2350 582 2413 enim
602 2351 688 2434 quod
707 2350 788 2415 mihi
806 2351 841 2414 11
859 2351 1012 2414 maritum
1030 2349 1081 2414 vel
1101 2370 1178 2413 con-

163 2437 273 2522 iugem
296 2437 438 2502 sociatus
462 2458 505 2521 es,
529 2441 601 2502 ato
619 2459 796 2523 numquam
819 2443 951 2524 propter
974 2441 1099 2522 patrem
1120 2443 1178 2502 aut

163 2530 299 2590 matrem
314 2529 370 2590 aut
384 2526 528 2610 aliquam
542 2547 715 2610 personam
729 2528 889 2592 viventem
905 2527 1081 2611 separabor
1099 2527 1177 2590 dum
1192 2557 1220 2596 25

163 2614 282 2678 vixero.
323 2612 392 2678 Nec
410 2619 520 2698 potest
536 2637 587 2680 res
606 2615 678 2700 ipsa
698 2615 819 2701 absque
838 2616 984 2680 miraculi
1003 2610 1176 2701 praesagio

164 2707 197 2766 et
214 2703 419 2768 ordinatione
438 2703 548 2768 divina
563 2702 730 2788 accidisse3
749 2708 881 2789 propter
899 2705 986 2789 quod
1004 2705 1074 2788 ipse
1088 2704 1177 2789 deus,

164 2791 192 2856 si
211 2793 247 2856 in
264 2792 373 2877 ipsum
391 2793 527 2856 firmiter
547 2794 793 2877 speraverimus,
812 2815 871 2858 nos
891 2793 929 2857 de
948 2796 1062 2857 nostra
1080 2793 1177 2858 eitius

164 2882 316 2966 angustia
338 2881 500 2946 liberabit.
545 2879 707 2947 Constans
731 2885 801 2946 esto
825 2886 858 2947 01
881 2882 961 2947 boni
980 2881 1090 2966 animi,
1113 2903 1175 2967 ego

163 2971 249 3034 enim
279 2970 383 3035 adhuc
409 2969 514 3034 habeo
542 2973 670 3036 tantum
698 2969 736 3035 dc
764 2971 918 3054 pretiosis
947 2971 1090 3036 enceniis
1116 2992 1176 3060 per
1191 3001 1219 3039 sc

163 3062 299 3123 matrem
332 3081 439 3124 meam
470 3058 550 3123 mihi
582 3059 726 3143 traditis,
759 3061 890 3143 quibus,
923 3059 1098 3125 dummodo
1130 3060 1176 3124 dii

135 3143 267 3211 'nostri
299 3147 340 3212 ad
377 3148 516 3231 aliquem
550 3152 679 3231 portum
716 3170 772 3212 seu
803 3148 1038 3214 habitationem
1071 3148 1177 3213 homi-

163 3257 240 3298 num
262 3235 353 3299 vivos
380 3257 441 3300 nos
463 3236 685 3320 perduxerint,
708 3237 828 3302 habere
851 3238 1029 3322 poterimus
1052 3237 1175 3302 victum

235 3519 269 3566 20
288 3530 341 3583 que
360 3515 431 3568 deest
448 3515 479 3568 ia
496 3515 573 3569 codd.
