2576 3942
508 237 722 302 ..17-

105 398 273 463 stantinus
299 399 369 482 ipse
398 397 567 481 coniugem
595 417 687 461 suam
711 395 751 462 ad
774 397 968 482 hospitium,
996 398 1031 465 in
1054 421 1119 483 quo

104 489 244 551 matrem
264 509 356 552 suam
373 485 532 551 Helenam
557 490 633 550 ante
658 490 797 570 quatuor
821 507 923 551 annos
943 487 1120 572 dimiserat,

105 597 217 640 secum
239 575 397 660 perduxit

198 664 244 729 Et
270 666 429 730 intrantes
457 663 588 728 domum
614 665 737 748 pariter
759 664 885 730 Helena
907 668 1011 729 mater
1035 663 1170 735 Con-27

77 753 246 818 astantini
274 777 348 819 cum
375 753 509 818 vidisset
535 753 638 818 filium
666 753 705 818 de
727 753 878 838 pretiosis
901 755 1047 819 vestibus
1070 755 1119 819 in-

105 843 220 907 dutum
250 847 284 908 et
313 865 421 908 seeum
450 845 519 906 tam
548 841 692 907 nobilem
721 847 853 926 tamque
882 843 1051 928 pulchram
1082 867 1136 920 ao,

104 932 188 996 bene
221 935 369 996 ornatam
402 931 568 996 mulierem
601 934 781 1016 gerentem,
810 953 883 996 eunr
912 955 932 996 a
958 933 1118 1018 principio

104 1042 174 1085 non
207 1020 362 1107 cognovit
393 1041 490 1105 seque
521 1020 558 1083 in
589 1042 728 1104 persona
758 1020 818 1084 filii
850 1021 919 1086 fore
952 1021 1118 1106 deceptam

105 1109 300 1174 aestimavit.
338 1108 400 1174 Sed
424 1131 496 1174 cum
516 1106 751 1174 Constantinus
770 1110 799 1173 ei
818 1113 923 1175 totam
940 1111 988 1175 rei
1006 1114 1118 1197 gastae

64 1219 90 1258 ro
106 1198 224 1263 seriam
240 1202 355 1287 utpote
374 1198 511 1283 qualiter
530 1220 549 1262 a
567 1199 802 1264 mercatoribus
819 1197 976 1264 Romanis
996 1222 1015 1264 a
1033 1201 1120 1284 prin-

105 1287 191 1370 cipio
220 1292 333 1372 eaptus
362 1291 394 1351 et
421 1287 456 1352 in
485 1287 632 1352 domibus
660 1287 806 1370 ipsorum
833 1287 986 1353 educatus
1013 1290 1120 1374 fuerit,

104 1377 245 1460 qualiter
269 1398 395 1460 quoque
419 1376 479 1440 sub
501 1374 633 1440 nomine
655 1375 715 1439 filii
737 1376 942 1459 imperatoris
965 1377 1006 1441 ed
1020 1377 1119 1443 Grae-

104 1465 190 1530 ciam
208 1465 381 1549 perductus
402 1463 464 1530 sibi
481 1485 634 1548 praesens
653 1465 778 1548 mulier,
795 1465 1000 1549 imperatoris
1020 1465 1119 1531 Grae·

105 1576 218 1619 corum
241 1554 325 1638 filia,
352 1555 386 1618 in
413 1574 547 1618 uxorem
575 1554 699 1618 sociata
725 1554 886 1618 exstiterit
913 1575 951 1618 ac
979 1554 1118 1638 qualiter

62 1663 88 1703 15
105 1643 196 1727 ipsos
220 1643 303 1707 dieti
320 1645 517 1708 mercatores
540 1642 577 1706 in
594 1642 709 1724 insula,
728 1645 766 1708 ut
783 1643 869 1708 fame
892 1643 1117 1729 interficerent,

103 1731 297 1797 dimiserant
316 1736 349 1796 et
368 1753 444 1796 casu
468 1731 524 1795 alii
546 1736 744 1797 mercatores
766 1731 888 1797 ibidem
910 1736 1117 1798 transeuntes

103 1841 160 1886 eos
190 1820 230 1884 ad
258 1820 396 1886 Romam
424 1819 653 1905 perduxerant,
680 1842 812 1884 narrare
840 1820 1025 1905 incepisset,
1053 1844 1117 1906 quo

38 1985 43 1996 .
104 1909 217 1974 audito
241 1908 368 1974 Helena
396 1931 495 1993 supra
522 1909 653 1974 modum
679 1909 861 1994 stupefacta
884 1910 987 1975 filium
1011 1911 1118 1995 coepit

104 1999 294 2082 diligentius
317 1997 436 2062 intueri
470 2001 502 2062 et
534 2001 602 2062 tam
631 2020 669 2062 ex
697 1999 829 2082 loquela
856 2020 954 2082 quam
982 2021 1020 2064 ex
1049 2023 1118 2084 spe-

63 2111 91 2148 ro
108 2087 243 2152 cialibus
258 2087 369 2172 gestis,
384 2109 464 2172 quos
479 2087 586 2171 ipsum
600 2087 635 2150 in
653 2087 820 2151 iuventute
834 2090 970 2152 noverat
989 2087 1118 2173 habere,

105 2198 205 2261 quam
223 2177 323 2240 etiam
342 2176 415 2240 aliis
433 2175 562 2241 indiciis
580 2176 686 2260 magis
706 2197 743 2240 ao
757 2175 862 2261 magis
877 2175 983 2259 ipsum
998 2197 1114 2260 cogno-

105 2287 193 2330 scere
207 2265 329 2349 incepit
337 2287 395 2332 nec
406 2268 516 2329 tamen
526 2267 658 2348 propter
670 2264 750 2329 faeti
760 2265 975 2349 quantitatem
986 2271 1118 2348 stupen-

104 2356 180 2418 dam
195 2355 304 2438 potuit
318 2354 449 2418 reddere
465 2353 544 2418 satis
559 2357 691 2437 certam,
700 2358 811 2418 tamen
825 2354 995 2437 compulsa⁴
1007 2375 1116 2419 amore

82 2505 85 2516 Δ
105 2443 260 2527 seipsam
279 2443 400 2508 diutins
420 2441 584 2508 continere
602 2463 669 2508 non
684 2444 793 2508 valens
812 2443 952 2526 procidit
971 2443 1005 2507 in
1022 2443 1116 2508 lacri-

62 2553 90 2592 25
107 2555 178 2596 mas
202 2535 234 2596 et
257 2554 333 2615 prae
357 2531 475 2616 gaudio
499 2531 699 2596 amarissime
722 2532 799 2596 flere
822 2533 936 2616 coepit.

195 2620 241 2684 Et
277 2642 411 2706 surgens
448 2643 520 2686 cum
561 2620 753 2685 festinantia
790 2620 897 2705 ipsum
934 2621 1118 2704 amplexata
1127 2625 1170 2689 28

105 2731 243 2793 eumque
274 2713 431 2793 tanquam
468 2709 571 2773 filium
609 2731 703 2774 suum
739 2709 942 2794 unigenitum
978 2711 1118 2774 materni

106 2799 210 2862 osculi
234 2796 400 2862 dulcedine
423 2798 544 2881 recepit
567 2797 686 2862 dicens:
720 2795 797 2862 ‘Fili
826 2798 872 2862 mi
900 2797 1117 2876 dilectissime,

105 2887 187 2952 bene
220 2887 359 2968 veneris,
391 2885 470 2951 deus
507 2887 712 2969 omnipotens
746 2887 788 2950 sit
825 2886 1025 2968 benedictus,
1061 2887 1117 2969 qui

61 2997 89 3035 eo
103 2980 137 3039 te
160 2975 243 3040 mihi
265 2975 422 3053 restituit,
444 2975 575 3039 unicum
598 2976 708 3039 lumen
731 2997 852 3058 meum3
880 2975 1050 3038 benedicta
1075 2975 1117 3039 sit

104 3064 173 3128 dies
197 3065 272 3148 ista,
290 3063 324 3127 in
347 3085 411 3146 qua
433 3067 465 3128 te
484 3064 599 3148 recepi,
618 3063 656 3128 de
675 3065 765 3129 cuius
784 3063 1027 3147 recuperatione
1050 3064 1115 3128 iam

103 3152 224 3217 dudum
249 3163 343 3216 eram
361 3152 542 3237 desperate,
567 3152 663 3218 hodie
682 3152 760 3218 deus
780 3151 988 3217 afflictionem
1011 3173 1116 3216 meam

176 3315 192 3362 7
211 3311 356 3379 gerentem
378 3311 479 3379 carpsi
498 3327 553 3379 pro
576 3311 676 3366 mauis
699 3310 730 3364 F
755 3311 896 3380 scriptino
922 3312 1030 3365 reiaute
1053 3313 1115 3378 (ret

101 3384 269 3448 acuatuml);
292 3382 325 3435 in
343 3381 373 3434 D
390 3382 456 3436 baec
477 3397 531 3436 coa
549 3382 635 3436 deleta
653 3387 698 3438 cst.
770 3390 801 3436 11
821 3382 944 3452 ipsoram
962 3381 1000 3450 D,
1019 3397 1115 3436 eorum

101 3451 138 3504 F.
248 3456 280 3506 15
298 3451 391 3507 insula
408 3451 446 3521 D,
469 3452 590 3508 insulam
613 3451 649 3508 F.
669 3485 702 3494 -
721 3455 891 3511 indicativae
908 3453 1045 3523 pominus
1062 3467 1116 3507 csse

101 3523 212 3578 videtur
229 3527 262 3576 at
279 3524 311 3578 ia
329 3524 417 3592 capite
435 3528 479 3578 48.

155 3621 241 3663 Incerti
255 3622 355 3665 auctoris
369 3623 397 3665 da
412 3621 562 3664 constantino
577 3623 669 3672 Magno.
936 3617 952 3664 2
