2576 3942
579 218 771 282 ,4-

170 377 276 461 coepit
301 377 431 460 suisque
454 376 604 442 manibus
628 376 752 442 vietum
775 376 838 441 sibi
866 383 1020 459 quaerere
1045 373 1187 438 sollicite

170 466 339 553 cogitavit.
375 465 521 530 Donaria
544 468 654 530 autem
676 466 780 549 ipsius
803 463 1010 550 imperatoris
1033 463 1081 527 ita
1102 462 1189 546 apud

171 576 206 619 se
234 554 432 637 occultavit,·
451 556 489 618 ut
517 558 623 619 essent
652 554 802 619 omnibus
825 553 993 636 incognite
1016 555 1049 615 et
1070 551 1189 634 ignota

169 663 272 727 usque
302 644 338 707 in
368 642 453 707 diem
483 643 691 708 revelationis
726 644 871 726 ipsorum
902 641 988 705 infra
1021 641 1189 723 seriptum.

171 730 329 796 Homines
353 734 461 796 autem
484 731 534 795 illi
558 753 630 796 cum
649 731 767 816 quibus
785 729 933 814 praefata
953 729 1080 794 Helena
1097 727 1217 794 habi-⁵

171 823 242 884 tare
270 819 379 904 coepit
405 821 550 885 ridentes
578 822 647 885 eius
675 818 951 904 pulchritudinem
978 839 1016 882 ao
1046 817 1190 882 sollicite

173 908 413 972 considerantes
440 930 568 973 morum
596 910 665 973 eius
695 913 728 974 et
750 908 908 974 virtutum
931 907 1129 990 elegantiam
1153 927 1191 969 ao
1274 927 1275 944 ¹

172 996 322 1060 laborum
338 1017 470 1060 suorum
482 996 699 1080 frequentiam
714 1000 747 1060 et
760 996 953 1080 qualitatem
972 995 1011 1058 de
1030 1013 1192 1076 generosa

174 1088 207 1148 et
228 1083 335 1148 nobili
358 1085 512 1168 prosapia
535 1085 695 1168 originem
718 1084 858 1149 traxisse
882 1083 1094 1148 aestimantes
1121 1103 1191 1146 eoe-

173 1175 293 1256 perunt
316 1193 388 1236 eam
412 1194 508 1256 quam
530 1174 706 1257 plurimum
729 1172 865 1257 diligere
884 1175 918 1235 et
940 1192 1070 1235 omnem
1093 1187 1233 1254 quam1⁰

174 1263 327 1344 poterant
348 1261 506 1344 pietatem
530 1261 593 1326 sibi
617 1261 777 1325 exhibere.

139 1357 160 1419 5
265 1346 460 1414 Succedente
493 1353 602 1414 autem
634 1353 779 1433 tempore
813 1352 846 1413 et
873 1347 1044 1431 eompletis
1077 1347 1192 1412 diebus

174 1437 301 1502 Helena
324 1437 452 1521 peperit
478 1437 582 1502 filium
606 1440 638 1502 et
659 1459 780 1503 nomen
802 1437 832 1500 ei
854 1440 971 1519 patruo
994 1457 1061 1500 non
1084 1435 1193 1500 incon-
1275 1451 1276 1506 ζ

175 1525 309 1592 veniens
337 1529 372 1590 et
399 1526 510 1590 exinde
539 1526 719 1590 derivatum
747 1526 916 1608 imponam
940 1522 1194 1589 Constantinum
1275 1579 1276 1582 ,

174 1613 366 1679 nominavit.
407 1613 604 1678 Hominibus
632 1616 741 1678 autem
768 1613 849 1695 illis,
878 1633 950 1677 oum
978 1613 1094 1696 quibus
1119 1628 1236 1677 con-1⁵

175 1702 382 1785 versabatur,
411 1702 460 1766 de‘
479 1707 571 1786 patre
594 1703 687 1786 pueri
710 1701 782 1786 quis
805 1704 892 1766 esset
914 1701 1194 1784 interrogantibus

177 1791 260 1856 dixit
287 1792 406 1874 mater,
435 1791 521 1875 quod
549 1812 622 1855 eum
649 1791 688 1855 de
716 1790 856 1874 quodam
884 1789 969 1871 viro,
1003 1811 1099 1872 quem
1132 1789 1195 1853 sibi

176 1881 327 1962 parentes
360 1879 396 1942 in
427 1879 576 1962 partibus
608 1879 773 1943 natalibus
809 1879 844 1942 in
880 1877 1034 1941 maritum
1066 1877 1197 1960 copula·

177 1970 306 2050 verant,
329 1988 432 2050 nuper
452 1967 602 2032 defuneto
622 1967 827 2051 suscepisset.
859 1963 969 2031 Crevit
988 1968 1097 2029 autem
1116 1985 1197 2047 puer

178 2056 242 2120 iste
266 2076 303 2119 ac
331 2055 369 2118 de
398 2056 492 2120 eorde
519 2056 664 2119 virtuoso
693 2057 856 2120 virtuosae
884 2054 998 2118 matris
1020 2053 1197 2116 virtutibus
1212 2069 1240 2108 20

179 2148 214 2208 et
236 2144 331 2208 bonis
350 2144 495 2209 moribus
519 2143 715 2208 informatus
735 2165 773 2208 ac
796 2143 834 2206 de
853 2143 1022 2207 laboribus
1040 2161 1198 2204 manuum

83 2239 88 2246 '
180 2254 311 2296 suarum
345 2231 498 2297 educatus
532 2233 639 2315 coepit
675 2231 802 2315 plaeere
834 2231 1005 2314 omnibus‚·
1035 2229 1091 2314 qui
1127 2228 1199 2293 eius
1276 2239 1277 2326 l

181 2319 335 2384 notitiam
358 2319 555 2403 habuerunt,
581 2341 655 2384 oum
682 2324 769 2384 esset
796 2319 1034 2402 pulcherrimus
1057 2319 1092 2382 in
1115 2316 1200 2383 faeie

182 2413 216 2472 et
237 2408 271 2472 in
294 2429 421 2472 morum
445 2408 634 2491 aptissimus
658 2408 838 2492 disciplina.

147 2505 168 2569 6
271 2495 321 2560 Eo
359 2498 468 2560 autem
504 2499 651 2579 tempore
688 2497 794 2581 viguit
830 2500 864 2560 et
896 2496 1016 2560 diutius
1048 2495 1201 2578 viguerat
1215 2509 1241 2550 2⁵

168 2603 524 2737 ,tttltltttttt
537 2583 1201 2756 0ζὲῗῶῗῖηὲὺέὟὲξξῖἓῗξῖῗῇἓιῗξ.

184 2760 516 2844 stantinopolitanum
546 2783 603 2826 seu
636 2760 847 2844 Graecorum
881 2763 914 2824 et
945 2760 1011 2824 iam
1043 2782 1101 2844 per
1132 2760 1203 2824 diu·

183 2849 375 2913 turnitatem
394 2850 639 2915 contentionum
657 2850 843 2914 huiusmodi
861 2849 955 2934 quasi
972 2850 1046 2914 tota
1065 2847 1204 2912 Graecia

185 2959 258 3002 cum
292 2935 466 3022 Romanis,
505 2959 642 3023 quorum
676 2957 796 3021 magna
828 2942 906 3002 tunc
937 2937 1095 3020 temporis
1133 2939 1205 3000 erat
1219 2951 1244 2991 ³⁰

185 3026 344 3109 potentia,
364 3025 405 3088 ad
420 3027 724 3092 exterminationem
737 3026 869 3090 redacta
886 3026 954 3090 fere
973 3025 1045 3090 fnit.
1077 3024 1206 3089 Eodem

186 3134 263 3179 vero
291 3117 438 3196 tempore
465 3119 560 3180 erant
588 3115 623 3179 in
645 3115 725 3178 urbe
748 3113 898 3178 Romane
921 3113 984 3178 duo
1008 3112 1205 3198 praedivites

187 3205 398 3284 mercatores,
432 3203 470 3268 de
498 3204 616 3287 quibus
643 3203 820 3287 imperator
848 3201 1045 3267 Graecorum
1077 3205 1206 3265 tantam

262 3353 277 3401 7
292 3362 325 3398 aa
339 3344 467 3400 laborum
481 3343 526 3408 D,
551 3345 581 3395 et
595 3341 723 3395 laborum
737 3341 773 3395 F.
846 3345 862 3393 8
884 3355 996 3393 auorum
1014 3340 1065 3405 cfr.
1085 3339 1122 3394 ad
1136 3355 1205 3410 pap.

190 3421 221 3482 5,
240 3421 288 3472 25.
362 3422 395 3471 18
414 3413 445 3466 in
472 3413 600 3483 partibus
625 3410 656 3464 in
677 3411 811 3466 maritum
829 3412 919 3477 codd,
944 3409 1086 3464 natalibus
1105 3411 1207 3465 addidi

191 3503 225 3542 err
243 3488 332 3557 capite
350 3491 394 3542 35.
469 3491 502 3540 33
521 3483 630 3537 tantam
649 3484 741 3538 omisit
758 3482 794 3537 F.
