2576 3942
577 177 886 265 -‘20-'

125 358 167 423 31
268 357 330 424 His
362 381 437 426 vero
470 359 505 424 in
533 358 628 425 corde
656 381 714 425 suo
743 359 839 424 dictis
863 357 995 423 Helena
1025 360 1197 424 encenium

177 447 380 534 praedictum
399 448 438 513 de
456 469 556 512 manu
573 469 674 512 nurus
693 469 770 512 suae
789 447 911 531 recepit
929 447 1101 531 ipsumque
1120 453 1198 532 post

177 537 258 602 haee
285 558 352 601 non
378 536 492 601 multis
520 536 640 620 elapsis
669 535 784 600 diebus
811 535 960 600 vendidit
986 557 1046 618 pro
1075 555 1198 619 magna

178 627 335 710 pecuniae
361 626 557 710 quantitate;
585 623 624 689 de
652 624 741 689 euius
769 623 899 708 quidem
921 623 1079 706 pecuniae
1102 629 1197 708 parte
1267 641 1268 684 l

178 736 280 780 unum
307 713 522 796 domicilium,
548 713 584 777 in
611 734 674 796 quo
698 733 758 796 per
781 712 892 796 aliqua
914 714 1065 796 tempora
1087 713 1222 796 hospi-s
1265 719 1268 786 1

178 803 262 867 tium
285 801 417 867 advenis
435 803 542 866 tenuit
560 805 592 865 et
612 800 759 885 hospites
777 799 1041 884 supervenientes
1064 801 1199 885 recepit,

179 891 390 974 comparavit
439 889 486 955 Et
518 889 565 954 sic
594 889 682 954 facta
717 888 911 972 stabularia,
948 910 984 953 se
1016 888 1134 953 exinde
1167 893 1199 954 et

178 1001 296 1045 nurum
329 1000 421 1043 suam
453 999 519 1041 una
550 997 621 1041 cum
654 978 721 1042 filio
755 998 813 1042 suo
847 977 1005 1043 enutrivit
1036 975 1198 1043 decenter.

178 1066 290 1132 Nurus
317 1087 394 1131 vero
422 1064 566 1131 Helenae
594 1066 629 1129 in
655 1067 786 1130 textura
818 1050 954 1148 efretum
986 1064 1199 1130 muliebrium

180 1158 444 1238 sumptuosorum
459 1157 492 1219 et
505 1154 666 1219 nobilium
685 1153 859 1218 secundum
878 1153 964 1236 quod
978 1176 1071 1218 suam
1091 1153 1199 1218 decuit
1212 1171 1234 1212 1⁰

180 1243 401 1308 condicionem
424 1263 512 1307 more
537 1241 757 1306 subtilitatum
781 1240 936 1306 Graeciae
962 1241 1045 1306 bene
1069 1241 1199 1306 erudita

180 1332 301 1396 bonam
319 1330 489 1415 pecuniam
508 1329 546 1394 de
565 1329 677 1394 labore
691 1351 845 1394 manuum
864 1329 997 1395 cottidie
1010 1331 1200 1395 lucrabatur

181 1423 214 1484 et
236 1419 382 1485 Helenae
405 1423 561 1503 tanquam
584 1439 662 1482 suae
690 1417 839 1482 dominae
868 1417 1041 1483 oboediens
1065 1422 1100 1483 et
1125 1418 1198 1482 sub-

180 1509 267 1574 iecta
290 1507 425 1591 obsequi
443 1529 509 1572 non
531 1506 770 1591 dedignabatur
788 1506 823 1569 in
841 1507 993 1571 omnibus
1013 1509 1047 1572 et
1066 1507 1199 1571 servire.

128 1590 172 1657 32
270 1594 504 1661 Constantinus
519 1597 628 1660 autem
646 1615 724 1658 suae
742 1615 878 1678 sequens
895 1595 1081 1659 nobilitatis
1100 1595 1234 1679 origi-1⁵
1267 1629 1268 1634 κ

181 1706 270 1765 nem,
298 1705 397 1769 quam
423 1688 534 1748 tamen
561 1683 692 1767 penitus
719 1682 896 1767 ignoravit,
920 1705 955 1747 se
978 1704 1018 1746 ex
1040 1683 1200 1748 instinctu

183 1775 335 1859 quodam,
364 1793 459 1856 quem
488 1772 551 1837 sibi
577 1776 696 1836 natura
729 1791 769 1834 ex
794 1771 901 1836 nobili
932 1771 1093 1857 sanguine
1125 1793 1199 1855 pro·

183 1864 293 1926 creata
322 1859 568 1945 ingeminavit,
597 1859 637 1924 ad
662 1863 754 1924 actus
778 1859 938 1924 militares
961 1881 996 1923 se
1020 1858 1118 1923 dedit
1154 1857 1200 1923 Et

183 1949 219 2013 in
240 1951 370 2014 tantum
393 1948 428 2012 in
450 1947 637 2013 hastiludiis
660 1951 693 2012 et
714 1947 950 2012 torneamentis
969 1951 1002 2012 et
1021 1947 1097 2012 aliis
1115 1948 1200 2012 mili·

182 2037 309 2102 taribus
333 2036 459 2101 actibus
484 2057 518 2100 se
538 2057 685 2102 exercere
705 2036 824 2119 coepit,
849 2035 935 2121 quod
956 2037 1091 2101 tandem
1112 2036 1236 2100 intera
1266 2027 1267 2080 l

183 2147 294 2191 omnes
323 2125 446 2191 milites
475 2127 508 2190 et
534 2124 675 2208 nobiles,
703 2145 841 2207 quorum
868 2127 947 2188 tunc
975 2123 1131 2208 temporis
1165 2124 1202 2188 in

182 2214 289 2279 Roma
322 2217 392 2278 erat
424 2218 458 2278 et
494 2214 628 2279 cottidie
660 2212 699 2277 de
726 2211 877 2276 omnibus
907 2212 1019 2277 mundi
1050 2211 1201 2296 pertibus

182 2302 304 2367 ibidem
332 2301 517 2366 confluebat
543 2301 790 2378 innumerabilis
818 2300 926 2384 copia,
954 2301 1010 2385 qui
1032 2322 1067 2365 se
1089 2301 1201 2366 huius-

183 2389 272 2454 modi
296 2389 425 2454 solaciis
444 2389 596 2454 continue
615 2388 817 2472 exercebant,
840 2391 967 2453 tantam
985 2389 1109 2453 famam
1127 2410 1201 2455 con·

183 2476 300 2561 traxit,
324 2476 410 2563 quod
432 2477 542 2542 nullus
564 2477 599 2541 in
621 2478 702 2542 urbe
720 2476 828 2543 Roma
846 2474 1061 2542 Constantino
1085 2479 1202 2542 melior
1214 2490 1236 2532 ¹⁵

185 2565 377 2630 credebatur
399 2566 434 2630 in
456 2565 579 2631 talibus
602 2564 752 2631 inveniri.

131 2649 175 2715 33
274 2653 419 2719 Tandem
452 2652 664 2720 Constantius
701 2653 879 2737 imperator
909 2652 1077 2718 Romanus
1115 2653 1203 2719 diem

183 2742 303 2808 natalis
328 2741 378 2808 sui
401 2763 441 2807 ex
463 2763 554 2807 more
578 2763 675 2827 agere
693 2741 807 2807 volens
826 2741 956 2806 vocavit
979 2763 1091 2807 omnes
1112 2764 1203 2808 sena
1265 2737 1266 2778 l

183 2835 286 2915 tores,
312 2831 475 2913 tribunos,
502 2832 705 2896 centuriones
733 2833 767 2894 et
793 2830 914 2895 milites
938 2832 972 2894 et
1000 2829 1052 2894 die
1075 2833 1204 2896 statuta

185 2919 355 2984 sollemnia
372 2919 494 2984 natalis
513 2920 564 2985 sui
582 2923 619 2985 ut
637 2921 847 2985 consueverat
863 2918 1047 2984 celebravit.
1078 2917 1119 2982 In
1133 2919 1202 3004 qui·
1216 2933 1238 2974 ³⁰

183 3007 245 3071 bus
281 3009 367 3072 inter
404 3011 512 3073 cetera
548 3007 798 3073 hastiludiorum
835 3009 868 3071 et
904 3010 1204 3073 tomeamentorum

259 3236 273 3284 1
292 3231 355 3287 Hiis
374 3235 451 3290 codd.
559 3241 698 3303 emagna
715 3231 837 3302 pecunia
855 3231 1014 3301 quantitate
1032 3233 1075 3301 D,
1098 3250 1202 3304 magno

187 3300 309 3372 pecunia
327 3304 486 3372 quantitate
506 3304 542 3360 F.
615 3310 705 3372 tque
722 3302 760 3358 D.
835 3308 867 3357 12
885 3302 1003 3358 cottidie
1017 3305 1095 3360 codd.
1170 3311 1202 3360 17

188 3378 295 3471 1»,ςῇζῖ
312 3389 352 3470 F,
429 3399 462 3446 18
481 3407 511 3474 se
529 3407 579 3446 ora.
598 3391 636 3445 D.
723 3397 756 3444 22
776 3389 894 3445 cottidie
912 3391 988 3447 codd.
1069 3398 1108 3473 2st
1129 3392 1204 3447 diem

186 3459 290 3514 natalis
310 3475 354 3513 sm
372 3461 448 3515 codd.
463 3461 545 3529 (deon
557 3461 677 3516 natalem
690 3460 822 3530 aeuum)
895 3467 929 3515 30
943 3460 1112 3532 sollempnia
1126 3464 1201 3520 codd.
