2576 3942
508 225 705 289 -5..

96 381 246 446 habebat
265 381 506 466 confidentiam,
530 384 614 467 quod
638 382 703 467 ipsi
722 383 785 448 soli
808 404 880 448 cum
900 405 1012 448 eorum
1030 383 1119 449 navi·

97 470 161 534 bus
186 472 220 534 et
241 468 366 535 familia
389 475 422 535 et
444 472 528 537 nulli
552 471 610 536 alii
632 472 756 536 aditum
783 493 931 537 securum
953 472 1122 538 hebebant

99 557 143 622 ad
180 556 350 622 Graeciam
385 581 446 643 pro
483 560 674 644 quaerendis
709 560 938 644 mercimoniis,
982 582 1121 644 quorum

101 667 258 731 magnam
291 648 418 731 copiam
453 647 585 713 cottidie
614 649 834 732 apportabant
866 651 899 712 et
930 648 1044 713 exinde
1074 649 1122 711 ni·
1161 697 1163 702 -

75 735 209 799 amium
238 734 333 800 ditati
359 736 491 802 fuerant
513 740 546 802 et
572 735 611 801 de
635 737 685 800 die
708 737 743 801 in
766 736 853 802 diem
875 736 1016 820 amplius
1039 736 1122 801 dita·

105 823 235 888 bantur.
277 821 426 910 Contigit
450 829 570 909 autem,
598 829 637 890 ut
664 825 803 909 quadam
826 824 878 889 die
901 825 979 890 dicti
1002 846 1122 889 merca·

104 915 194 978 tores
218 911 315 976 simul
338 934 396 997 per
417 914 531 978 urbem
555 914 718 998 spatiandi
742 913 850 997 gratia
870 914 1066 996 incederent,
1090 916 1123 978 et

103 1003 348 1084 praetereuntes
377 1002 526 1066 viderunt
549 1003 749 1086 praedictum
773 1023 907 1085 puerum
937 1001 1123 1068 Constanti-

102 1110 183 1154 num
216 1089 282 1152 iarn
314 1088 438 1156 factum
471 1091 646 1156 decennem
678 1091 731 1156 vel
763 1091 891 1156 circiter
922 1091 1009 1155 inter
1040 1090 1123 1154 alios

60 1199 88 1238 ιο
105 1198 225 1260 pueros
250 1180 421 1243 coetaneos
446 1201 522 1245 suos
546 1179 720 1244 ludentem.
765 1177 868 1254 Quem
892 1200 964 1242 cum
989 1178 1122 1262 diligen·

104 1267 171 1330 tius
202 1264 314 1330 intuiti
343 1266 495 1351 tuissent,
525 1272 700 1351 coeperunt
728 1266 884 1332 admirari
912 1266 980 1331 eius
1008 1266 1125 1331 habili·

104 1357 208 1418 tatem
234 1356 267 1417 et
288 1354 566 1437 pulchritudinem
586 1354 728 1420 dicentes
748 1359 781 1420 et
800 1359 992 1438 quaerentes
1015 1354 1057 1419 ab
1077 1376 1125 1438 eo,

104 1443 254 1526 quisnam
291 1447 379 1507 esset
408 1448 503 1526 pater
534 1444 603 1510 eius
632 1447 666 1508 et
698 1464 762 1527 quo
790 1444 922 1508 nomine
945 1445 1124 1508 vocaretur.

57 1561 60 1568 ¹
105 1530 168 1606 Qui
191 1529 392 1614 respondens
416 1532 477 1596 ait:
508 1531 591 1616 ‘quis
616 1531 660 1597 sit
682 1534 776 1615 pater
794 1552 884 1595 meus
907 1531 1028 1613 nescio,
1051 1531 1126 1614 quia

61 1638 87 1679 15
102 1619 175 1703 ipse
199 1619 237 1682 de
261 1617 323 1684 hac
345 1620 415 1684 vita
439 1620 586 1685 sublatus
609 1620 679 1684 fore
703 1619 833 1704 dicitur,
866 1622 1041 1702 antequam
1065 1639 1125 1702 ego

103 1710 203 1772 natus
222 1727 336 1772 essem.
374 1705 437 1774 Sed
455 1709 539 1792 scio,
563 1709 649 1792 quod
668 1708 773 1773 habeo
793 1710 930 1772 matrem
949 1728 1125 1790 pauperem

103 1796 276 1860 mulierem
299 1799 333 1859 et
354 1817 453 1862 vocor
476 1819 516 1861 ex
538 1796 670 1862 nomine
694 1794 951 1861 Constantinus'.

196 1883 266 1960 Quo
289 1883 399 1949 audito
424 1885 597 1950 consilium
620 1883 805 1949 habuerunt
828 1883 907 1948 dicti
930 1881 1159 1950 mercatores?

104 1973 191 2037 inter
210 1994 244 2036 se
264 1970 420 2038 dicentes:
450 1972 554 2056 ‘Quia
572 1976 684 2056 putas,
702 1973 765 2038 iste
783 1995 864 2056 puer
883 1973 967 2037 erit?
1003 1971 1132 2036 Educe-

61 2082 90 2121 ao
106 2083 180 2125 mus
201 2061 308 2144 ipsum
328 2063 362 2124 et
379 2061 474 2126 bonis
494 2061 638 2126 moribus
657 2061 857 2126 instruamus
878 2063 911 2124 et
930 2060 970 2124 ad
989 2061 1128 2143 impera·

104 2153 212 2214 torem
229 2147 426 2214 Graecorum
444 2150 616 2214 nobiscum
634 2148 847 2232 perducamus
867 2148 1020 2228 dicentes,
1040 2147 1127 2229 quod

107 2236 154 2301 sit
181 2237 266 2302 filius
295 2237 418 2302 domini
445 2239 552 2303 nostri
574 2236 799 2301 Romanorum
824 2235 1044 2319 imperatoris,
1073 2235 1127 2318 qui

106 2324 189 2390 velit
215 2347 288 2390 eum
317 2347 394 2390 suae
421 2327 508 2391 filiae
536 2326 571 2390 in
594 2325 766 2410 coniugem
794 2327 827 2389 et
854 2324 1010 2390 maritum
1034 2345 1128 2406 copu-

108 2414 179 2478 lare
203 2418 236 2478 et
258 2435 372 2498 pacem
395 2418 589 2499 perpetuam
612 2435 721 2479 secum
745 2413 858 2478 exinde
880 2411 1071 2478 contrahere
1095 2415 1130 2475 et

66 2521 95 2561 as
114 2523 254 2568 servare.
283 2502 345 2578 Qui
364 2503 496 2588 gavisus
515 2503 618 2566 filiam
633 2524 725 2566 suam
741 2502 805 2566 sibi
822 2500 930 2566 tradet
948 2501 982 2565 in
996 2521 1128 2565 uxorem

111 2593 145 2654 et
173 2611 246 2654 eam
273 2591 444 2656 nobiscum
471 2613 537 2654 una
560 2612 632 2654 cum
655 2591 727 2674 ipso
752 2611 790 2654 ac
807 2589 946 2654 navibus
970 2589 1128 2653 debonis

109 2679 331 2744 mercimoniis
360 2679 503 2744 oneratis
530 2679 677 2743 remittet
705 2682 738 2744 et
766 2677 812 2742 sic
839 2699 898 2760 per
920 2677 1018 2742 istam
1041 2676 1128 2740 viam

109 2767 304 2851 locupletari
330 2767 510 2852 poterimus
538 2787 612 2830 cum
639 2767 764 2830 iactura
792 2769 825 2828 et
857 2764 1128 2829 circumventione

107 2855 254 2922 hostium
273 2853 517 2920 Romanorum'.
549 2853 641 2930 Quod
661 2854 832 2918 consilium
850 2852 1129 2936 complacuisset,

61 2983 91 3022 ³0
108 2947 303 3028 aeceperunt
320 2942 523 3026 praedictum
541 2962 678 3025 puerum
696 2939 948 3006 Constantinum
967 2943 1000 3004 et
1019 2961 1128 3004 secum

107 3033 148 3097 ad
171 3033 304 3097 domum
322 3053 415 3096 suam
433 3031 644 3115 perducentes
669 3031 838 3114 ipsumque
859 3028 897 3093 de
916 3029 1012 3093 bonis
1031 3027 1129 3092 vesti·

105 3121 168 3186 bus
187 3120 359 3186 induentes
378 3125 546 3204 tamquam
564 3119 668 3183 filium
687 3119 857 3202 proprium
876 3139 934 3200 per
953 3116 1129 3182 triennium

178 3285 195 3332 2
222 3277 350 3332 additum
375 3277 465 3344 codd,
496 3275 606 3330 aditum
637 3276 751 3333 emaci.
860 3281 877 3328 4
907 3271 1024 3328 cottidie
1051 3273 1129 3328 codd.

108 3357 123 3404 7
148 3347 295 3420 spaciandi
318 3349 395 3404 codd.
505 3352 538 3402 15
561 3347 621 3402 fore
645 3353 678 3401 ut
701 3347 767 3401 aliis
789 3346 856 3400 locis
878 3346 950 3402 idem
976 3344 1049 3414 quod
1067 3358 1129 3423 esee

107 3422 254 3490 stpaificot.
340 3425 375 3474 20
394 3423 424 3473 et
442 3419 483 3485 F,
502 3421 532 3474 et
552 3417 578 3472 d’
598 3419 642 3484 D;
660 3416 830 3471 instruemus
850 3417 926 3472 codd.
1021 3420 1054 3468 25
1075 3414 1130 3468 srbr

107 3496 140 3546 ot
157 3492 312 3562 ampuriae
330 3491 362 3546 ia
379 3491 428 3546 ooo
446 3491 535 3546 libello
553 3490 624 3545 idem
642 3505 675 3544 ac
693 3486 720 3542 ei
738 3488 886 3558 stpntlicct.
