2576 3942
572 232 788 297 „22-

174 415 244 458 rem
274 391 322 458 ita
351 413 423 457 esse
451 413 525 457 oum
552 392 732 457 iuramento
761 391 937 457 affirmavit
965 394 998 455 et
1025 411 1097 454 oum
1129 390 1192 454 im·

173 483 305 566 perator
337 480 426 546 aliud
458 481 499 545 ab
530 501 568 545 eo
596 480 677 546 seire
703 501 769 546 non
799 482 924 564 posset,
956 477 1117 563 quaesivit
1149 479 1191 542 de

174 569 304 634 nomine
337 591 394 635 suo
428 574 461 634 et
494 569 522 633 si
554 590 635 654 quos
673 568 756 634 alios
792 569 912 633 amieos
944 566 1080 633 haberet
1111 571 1191 650 post

175 660 323 724 matrem.
356 657 419 734 Qui
434 657 516 721 dixit
531 657 607 723 sibi:
631 655 877 722 ‘Constantinus
891 677 990 721 vooor
1004 677 1043 720 ex
1056 656 1190 719 nomine

173 768 233 811 nee
250 747 356 811 habeo
376 745 459 810 alios
478 745 601 810 amieos
619 746 685 810 nisi
702 751 840 810 matrem
855 748 888 810 et
901 765 1034 810 uxorem
1052 761 1218 827 pauper-⁶

175 834 281 900 oulam
300 833 490 899 mulierem'.
522 833 704 917 Imperator
722 833 785 898 hoo
804 833 914 899 audito
929 831 1096 897 mandavit
1114 832 1191 916 sibi,

174 925 211 987 ut
234 927 372 988 matrem
396 943 488 987 suam
512 926 545 986 et
566 943 700 987 uxorem
724 921 853 987 adeius
875 921 1095 1005 praesentiam
1117 941 1190 1004 per·

174 1011 319 1093 duceret,
343 1031 416 1075 oum
439 1010 508 1092 ipse
532 1010 683 1074 omnibus
707 1009 812 1074 modis
835 1009 931 1075 huius
950 1010 998 1073 rei
1016 1009 1191 1074 veritatem

173 1099 255 1164 seire
280 1099 388 1163 vellet.

120 1183 163 1248 35
261 1185 495 1252 Constantinus
522 1207 599 1252 vero
622 1188 752 1270 recepto
782 1185 945 1269 imperiali
967 1185 1122 1251 mandato
1147 1187 1190 1250 ad
1206 1204 1231 1243 ιο

172 1274 304 1340 domum
333 1297 425 1339 suam
453 1295 600 1339 reversus
628 1277 767 1339 matrem
793 1295 884 1338 suam
918 1276 951 1338 et
978 1295 1111 1339 uxorem
1139 1275 1188 1338 in-

173 1363 268 1427 dutas
294 1363 333 1428 de
361 1363 550 1429 melioribus
578 1363 645 1428 suis
673 1362 818 1427 vestibus
847 1366 880 1427 et
908 1367 1039 1428 ornatas
1063 1361 1105 1428 ad
1128 1362 1189 1428 im-

57 1466 67 1482 ·
171 1451 333 1535 peratoris
356 1453 577 1535 praesentiam
603 1450 762 1538 perduxit.
805 1450 985 1535 Imperator
1012 1455 1122 1516 autem
1147 1451 1190 1516 ad

171 1539 330 1605 Helenam
362 1541 397 1605 in
424 1540 494 1605 eius
526 1539 711 1623 praesentia
741 1540 953 1605 constitutam
985 1539 1079 1604 dixit:
1113 1538 1189 1604 ‘Est

171 1628 305 1713 inquam
323 1628 379 1692 ille
398 1629 524 1692 iuvenis
542 1627 629 1692 filius
648 1627 763 1691 tuus?'
801 1625 889 1702 Quae
907 1627 1105 1711 respondens
1125 1628 1187 1692 ait:
1204 1646 1230 1686 15

172 1714 259 1799 ‘Est
282 1714 433 1781 domine'.
469 1714 562 1780 Dixit
583 1715 776 1798 imperator:
803 1713 895 1791 ‘Quis
919 1718 969 1780 est
987 1715 1075 1780 enim
1092 1719 1188 1799 pater

173 1803 281 1869 eius?’
320 1804 410 1880 Quae
433 1803 600 1887 respondit
622 1804 743 1868 dioens:
782 1803 866 1887 ‘llgo
888 1804 996 1888 ipsum
1019 1803 1054 1868 in
1075 1803 1187 1886 iuvenf

171 1894 242 1956 tute
265 1913 338 1957 mea
357 1891 397 1956 de
416 1893 554 1976 quodam
573 1892 657 1976 viro,
681 1914 777 1977 quem
795 1892 831 1957 in
853 1893 1002 1976 partibus
1020 1892 1188 1958 natalibus

173 1981 268 2044 amioi
303 1980 368 2043 mei
400 1979 482 2044 mihi
513 1981 548 2044 in
580 1981 736 2044 maritum
768 1980 1012 2065 copulaverant,
1049 1981 1188 2066 susaepss

172 2068 227 2152 qui
260 2091 280 2132 a
312 2089 365 2133 me
396 2089 464 2132 non
491 2067 587 2153 longe
615 2072 691 2152 post
717 2090 808 2134 more
833 2069 1024 2153 negotiandi
1052 2070 1189 2134 recessit
1203 2089 1232 2128 so

173 2161 205 2221 et
229 2157 269 2222 ad
288 2179 339 2221 me
363 2161 478 2240 postea
494 2179 562 2222 non
581 2161 631 2221 est
648 2178 806 2222 reversus.
844 2155 878 2221 Si
900 2161 1047 2222 mortuus
1066 2157 1108 2221 sit
1128 2162 1188 2222 aut

171 2246 275 2328 vivat,
298 2245 376 2309 deus
400 2243 483 2310 soit'.
519 2244 702 2329 Imperator
723 2265 885 2310 veronen
908 2245 991 2310 bene
1014 2249 1187 2310 contentus

172 2333 212 2398 de
241 2333 453 2416 responsione
481 2333 625 2397 mulieris
648 2334 755 2417 magis
784 2355 882 2418 quam
904 2337 1000 2398 antea
1023 2333 1188 2399 dubitavit

172 2426 205 2486 et
232 2420 400 2486 mandavit
427 2421 534 2504 ipsam
556 2442 718 2485 unacum
745 2420 872 2486 familia
895 2443 953 2486 sua
976 2421 1016 2489 ad
1039 2443 1188 2488 mensam

172 2531 264 2574 suam
282 2509 368 2573 inter
386 2508 539 2572 mulieres
558 2509 685 2574 nobiles
709 2508 750 2573 ad
769 2509 998 2574 comedendum
1016 2508 1230 2576 collocares

119 2591 161 2656 36
259 2595 371 2662 Nurus
396 2599 505 2661 autem
527 2595 670 2661 Helenae
692 2596 910 2680 pulcherrima
927 2598 1010 2663 faeie
1028 2603 1063 2663 et
1085 2599 1187 2682 aptis-

172 2685 255 2751 sima
287 2690 361 2770 erat
388 2685 424 2749 in
455 2705 588 2769 corpore
621 2688 654 2748 et
682 2684 858 2751 seeundum
888 2685 1074 2752 nobilitatis
1107 2709 1187 2752 suae
1279 2727 1280 2754 r

172 2774 394 2839 condicionem
417 2772 632 2839 nobilissimis
656 2773 801 2838 moribus
825 2774 961 2840 erudita.
1000 2773 1089 2850 Quae
1112 2797 1188 2840 oum

171 2866 258 2928 esset
280 2863 366 2927 inter
385 2862 467 2927 alias
490 2861 655 2945 mulieres,
677 2883 745 2926 non
764 2861 849 2926 siout
867 2863 948 2927 viles
968 2867 1001 2928 et
1018 2885 1187 2947 pannosae

171 2954 406 3016 consueverunt
428 2950 535 3014 faeere
557 2950 723 3034 mulieres,
747 2949 836 3014 oibos
855 2951 948 3016 avide
969 2973 1105 3037 sumere,
1128 2954 1186 3018 sed
1201 2969 1228 3011 so

171 3039 374 3122 disciplinam
399 3041 431 3102 et
449 3038 659 3102 verecundiae
676 3038 881 3104 honestatem
901 3059 1039 3124 sequens
1060 3041 1187 3106 studuit

170 3131 269 3209 prout
296 3148 388 3191 suam
415 3125 623 3191 nobilitatem
651 3125 758 3192 deouit
785 3128 1048 3192 mansuetissime
1075 3131 1108 3194 et
1130 3129 1185 3194 de-

159 3327 164 3334 .
243 3287 258 3335 7
276 3281 444 3350 perduceret
461 3281 504 3349 D,
523 3280 677 3336 adduceret
696 3281 731 3337 F.
840 3287 856 3337 8
877 3299 940 3336 oum
962 3284 1033 3339 deest
1055 3285 1087 3340 ia
1105 3285 1185 3341 codd.

174 3357 207 3405 16
227 3351 292 3406 Post
311 3350 384 3404 dixit
401 3353 498 3408 inserit
516 3351 547 3406 F
563 3352 645 3407 enim.
731 3358 765 3406 20
783 3369 891 3408 morem
909 3353 1073 3423 negotiandi
1091 3355 1186 3425 gratia

172 3421 576 3547 {Ziliffaatfiiffwllm
589 3439 643 3478 esse
655 3423 782 3479 vocabuli
794 3439 871 3478 more
885 3429 965 3480 rotas
978 3427 1092 3481 corraei.
1149 3432 1183 3480 21
