2576 3942
599 213 814 278 -30,

198 371 381 457 praedictos
404 373 545 437 tractata
567 373 709 454 fuerant,
732 369 968 438 consummavit
993 374 1029 434 et
1055 371 1172 456 imperi

199 460 392 524 auctoritate
429 461 641 526 confirmavit.
690 459 848 525 Similiter
884 459 940 543 qui
977 458 1203 525 ambasiatores

197 548 405 633 imperatoris
436 547 632 614 Graecorum
660 570 700 614 ex
727 552 821 632 parte
843 546 987 611 eiusdem
1016 546 1149 613 domini
1169 547 1205 610 sui

199 641 234 700 et
256 658 352 722 quem
379 638 419 702 ad
445 637 577 702 modum
607 638 648 702 ab
675 638 748 720 ipso
770 638 959 720 receperant
985 635 1021 698 in
1045 637 1205 718 mandatis,

198 723 344 790 fecerunt
362 727 431 791 vice
449 747 552 791 versa.
588 725 638 791 Ac
655 726 725 809 ipse
744 722 969 806 Constantius,
990 723 1206 789 Romanorum

198 815 390 898 imperator,
417 813 520 878 filium
550 836 643 879 suum
672 811 923 878 Constantinum
950 833 1015 875 uns
1044 833 1124 876 cum
1149 835 1208 877 con·

197 902 274 986 iuge
307 903 342 966 in
373 902 520 966 Romano
548 902 685 986 imperio
713 902 847 967 heredes
876 900 939 965 sibi
971 903 1049 984 post
1077 905 1209 966 morton

199 1011 291 1055 suam
320 1010 525 1055 successuros
553 989 674 1055 ibidem
702 1010 811 1055 coram
839 989 991 1054 universo
1022 993 1145 1054 senatu
1174 991 1209 1052 in-

197 1078 307 1144 stituit
335 1099 432 1142 menu
459 1078 606 1162 propria:
637 1079 722 1163 quod
745 1082 779 1142 et
805 1077 870 1161 ipsi
896 1076 1140 1142 ambasiatores
1163 1078 1210 1141 irn-

195 1166 358 1252 peratoris
383 1166 578 1232 Graecorum
608 1167 646 1231 de
675 1166 811 1251 imperio
843 1163 1038 1230 Graecorum
1068 1164 1211 1231 fecerunt

197 1277 214 1318 e
244 1275 407 1321 converso.
450 1254 513 1320 His
545 1277 623 1321 vero
652 1254 800 1320 omnibus
828 1253 970 1338 peractis
997 1249 1211 1319 Constantius

195 1343 265 1408 filio
284 1341 498 1409 Constantino
522 1347 555 1408 ct
578 1365 655 1408 suae
678 1342 810 1426 coniugi
833 1363 906 1407 cum
929 1363 968 1406 ea
991 1339 1212 1407 sollemnitate

195 1431 266 1496 fieri
289 1431 367 1496 fecit
389 1431 521 1516 nuptias
545 1451 582 1496 ae
606 1433 635 1496 si
656 1432 713 1496 illo
737 1431 788 1495 die
811 1433 919 1495 essent
939 1429 1081 1514 primum
1100 1431 1213 1495 matri-

195 1520 383 1585 monialiter
415 1520 566 1603 copulati.
617 1519 863 1584 Ambasiatores
895 1539 970 1583 vero
1003 1517 1214 1601 imperatoris

197 1606 394 1674 Graecorum
415 1611 492 1692 post
513 1607 575 1672 hoc
594 1628 666 1671 cum
685 1608 814 1690 magnis
832 1606 1021 1672 muneribus
1040 1609 1075 1671 et
1093 1627 1215 1692 magno

195 1695 319 1762 honore
341 1696 532 1760 reviserunt.

141 1779 184 1843 48
286 1783 431 1860 Qualiter
464 1787 573 1848 autem
606 1780 840 1848 Constantinus
870 1786 999 1848 mortuo
1029 1803 1088 1846 suo
1118 1787 1216 1866 patre

197 1870 392 1937 Constantio
415 1871 450 1934 in
472 1870 620 1936 Romano
643 1872 780 1956 imperio
804 1877 838 1936 et
860 1874 988 1936 mortuo
1018 1892 1075 1935 suo
1100 1892 1216 1938 socero

193 1960 229 2024 in
267 1958 464 2023 Graecorum
501 1959 638 2042 imperio
677 1961 867 2026 successerit
903 1963 937 2024 et
971 1959 1079 2023 factus
1112 1958 1218 2026 fuerit

192 2047 295 2112 totius
324 2046 445 2112 saeculi
473 2047 663 2129 monarcha,
691 2046 831 2130 qualiter
859 2070 879 2111 c
905 2045 1024 2111 Sancto
1049 2045 1249 2114 Silvestroo

192 2157 279 2220 papa
307 2158 327 2200 a
354 2135 445 2219 lepra
473 2140 603 2201 curatus
630 2138 664 2201 ct
692 2135 732 2200 ad
759 2134 857 2199 fidem
880 2132 1003 2199 Christi
1033 2156 1216 2202 conversus

192 2224 257 2288 fuit
289 2245 327 2288 ac
353 2245 455 2308 usque
483 2221 523 2288 ad
552 2229 690 2290 mortem
720 2245 811 2288 suam
838 2223 873 2288 in
900 2225 1039 2308 utroque
1071 2225 1215 2308 imperio

192 2311 419 2396 potentissime
437 2313 589 2396 regnavit
607 2316 640 2378 et
658 2313 798 2398 qualiter
817 2315 930 2378 sancta
947 2310 1082 2397 Helena,
1104 2317 1215 2378 mater

193 2397 414 2482 Constantini,
442 2398 706 2484 Hierosolymam
728 2401 825 2466 iverit
853 2405 887 2466 et
909 2404 1056 2465 sanctam
1080 2423 1211 2467 crucem

192 2486 315 2553 ibidem
345 2488 518 2572 invenerit,
545 2489 673 2572 require
700 2489 734 2553 in
762 2489 830 2554 suis
856 2489 946 2553 locis.
982 2486 1074 2553 Haec
1097 2493 1210 2555 autem
1228 2508 1254 2548 ²⁵

191 2576 246 2641 hic
270 2576 368 2641 scribi
390 2576 441 2642 fas
463 2598 530 2642 non
548 2580 598 2641 est
615 2598 675 2643 nec
694 2581 836 2661 oportet,
860 2577 914 2642 sed
938 2575 1019 2640 haec
1042 2576 1211 2643 sufficiant

191 2685 252 2749 pro
276 2667 351 2730 ortu
374 2661 582 2730 Constantini
612 2665 666 2730 hio
688 2665 789 2730 fuisse
812 2665 935 2749 scripta
959 2665 999 2729 ad
1021 2664 1151 2731 laudem
1176 2670 1210 2732 et

191 2753 349 2818 bonorem
377 2752 561 2818 individuae
588 2753 763 2837 trinitatis,
791 2754 896 2836 patris
919 2755 953 2819 et
974 2752 1036 2817 filii
1058 2758 1092 2818 et
1115 2755 1210 2838 spiri-

191 2844 244 2906 tus
268 2842 382 2926 saneti,
405 2842 636 2926 omnipotentis
655 2842 715 2926 dei,
735 2842 790 2927 qui
809 2845 859 2905 est
876 2841 1037 2906 mirabilis
1057 2842 1093 2906 in
1110 2842 1209 2908 factis

192 2931 259 2994 suis
278 2932 311 2993 et
329 2929 525 2995 mirabiliter
544 2930 718 2995 secundum
737 2951 814 2994 suae
832 2929 1007 2995 ineffabilis
1026 2930 1209 3014 sapientiae
1223 2948 1253 2989 ³0

191 3018 431 3100 providentiam
459 3018 639 3103 praemissa
666 3019 738 3082 fieri
762 3017 935 3101 disposuit3
964 3020 1083 3104 quique
1107 3019 1209 3084 etiam

59 3147 62 3182 3
193 3105 452 3171 estbenedictus
475 3107 510 3170 in
533 3107 663 3171 saecula
686 3106 895 3171 saeculorum.
931 3104 1046 3172 Amen.

61 3257 62 3264 ’
265 3258 476 3315 lconsumavit
494 3262 570 3318 codd.
644 3261 873 3318 bConstantinus
888 3261 924 3318 F.
998 3265 1205 3315 8successuros

63 3329 67 3398 ⁵.
191 3331 230 3396 D,
250 3345 424 3384 successores
443 3330 478 3386 F.
566 3337 597 3386 11
617 3331 673 3385 hiis
693 3334 768 3388 codd.
843 3329 1039 3386 Constantinus
1059 3328 1094 3385 F.
1170 3336 1205 3387 12

65 3401 68 3460 ζ
192 3400 403 3471 sollempnitate
422 3402 498 3457 codd.
581 3408 615 3456 14
632 3402 874 3457 Ambastatoribus
893 3401 967 3457 codd.
1045 3405 1079 3456 22
1099 3402 1133 3458 de
1150 3420 1207 3460 mo·

191 3473 290 3527 dorum
307 3471 457 3527 mutatione
476 3472 509 3538 cf.
529 3472 567 3526 od
580 3488 640 3541 cap.
654 3477 701 3527 27.
774 3479 809 3526 24
826 3467 1004 3527 Constantini
1020 3472 1113 3528 mater
1128 3473 1165 3531 F.
