2576 3942
523 223 738 288 ..27-

118 383 309 450 huiusmodi
336 384 371 448 in
400 383 644 467 quaestionibus
672 383 750 467 poni
778 385 811 447 et
834 383 875 448 ab
898 382 939 448 iis
962 384 1135 449 veritatem

118 472 242 556 inquiri
269 473 307 536 de
334 471 522 557 praemissis
545 470 712 538 mandavit
735 474 769 537 et
794 471 873 537 tecit
900 476 937 536 ut
960 476 1011 536 est
1034 473 1135 538 moris

120 566 156 624 et
191 561 332 625 maxime
368 559 590 625 Romanorum
630 560 685 645 qui
725 560 910 625 inventores
950 559 1136 626 huiusmodi

121 650 349 732 quaestionum
383 649 523 714 existere
554 647 747 714 referuntur.
797 647 940 713 Tandem
971 670 1029 732 per
1062 669 1136 714 con-

89 755 104 796 s
119 737 298 802 sessionem
316 738 463 821 ipsorum
481 738 650 802 inventum
667 737 733 800 fuit
745 758 815 801 rem
828 737 977 802 totaliter
995 736 1137 820 ita'esse,

120 825 392 910 quemadmodum
414 824 539 890 Helena
562 828 596 890 et
619 826 687 889 eius
711 825 797 890 filius
821 823 1052 890 Constantinus
1073 826 1136 909 ipsi

119 913 532 1085 destitisset
545 912 1137 1087 illustrantibus

119 1090 162 1154 iis
195 1091 319 1175 imponi
355 1091 467 1176 iussit,
498 1090 632 1155 tandem
665 1091 781 1173 cepitis
813 1090 892 1155 fecit
923 1090 1032 1156 subire
1064 1112 1137 1155 sen-

76 1197 106 1237 ro
120 1179 261 1243 tentiam
285 1185 317 1243 et
339 1179 449 1264 gladio
473 1179 636 1244 decollari.

210 1266 379 1332 Postremo
394 1265 605 1332 Constantius
619 1269 797 1351 imperator
812 1270 976 1351 comperta
991 1267 1030 1332 de
1043 1289 1134 1351 prae-
1145 1262 1189 1326 42

121 1355 232 1420 miscis
252 1355 388 1421 veritate
407 1377 445 1420 ac
463 1357 604 1440 inventa,
623 1356 709 1438 quod
726 1356 835 1421 omnia
850 1360 882 1420 et
897 1356 1034 1440 singula,
1053 1378 1135 1440 quae

119 1442 247 1508 Helena
266 1447 299 1508 et
319 1441 555 1509 Constantinus
576 1444 643 1509 eius
663 1443 750 1509 filius
769 1443 808 1509 de
823 1465 857 1508 se
877 1448 911 1509 et
928 1445 1134 1528 imperatoris

121 1530 321 1597 Graecorum
347 1532 417 1596 filia
439 1533 645 1616 rettulerant,
671 1554 751 1597 vera
773 1535 884 1600 essent
906 1533 946 1596 de
968 1532 1071 1616 iisque
1095 1531 1135 1597 ad

78 1638 106 1680 rs
120 1621 255 1705 plenum
278 1621 485 1704 certificatus,
507 1620 599 1685 misit
621 1620 812 1705 solationes,
840 1643 916 1686 suos
939 1621 1078 1706 legatos,
1102 1624 1135 1685 et

119 1707 255 1774 nuntios
283 1709 325 1773 ad
353 1707 521 1774 Graeciam
549 1730 587 1774 ec
613 1709 804 1793 imperatori
835 1707 1029 1774 Graecorum
1057 1709 1135 1774 fecit

120 1800 227 1862 totam
247 1797 296 1861 rei
315 1797 433 1862 seriem
450 1798 602 1863 nuntiare
622 1798 787 1880 videlicet,
811 1798 951 1881 qualiter
968 1797 1032 1862 duo
1051 1819 1134 1862 mer·

120 1889 248 1950 catores
275 1885 434 1970 praedicti
462 1883 714 1951 Constantinum
741 1887 782 1952 ad
810 1907 883 1950 cum
914 1885 1136 1951 fraudulenter

120 1973 338 2057 perduxerant
365 1995 402 2038 ac
429 1973 531 2038 filiam
559 1996 652 2038 suam
680 1995 732 2058 eo,
761 1974 846 2058 quod
874 1974 938 2058 ipsi
968 1975 1055 2040 facta
1079 1997 1137 2040 sua

79 2081 107 2122 ao
122 2066 155 2126 et
182 2061 362 2127 utilitatem
389 2062 425 2126 in
451 2062 641 2146 praemissis
664 2067 697 2126 et
720 2062 806 2128 circa
829 2085 867 2127 ee
888 2062 1047 2145 fecerent,
1075 2065 1137 2127 cal·

120 2149 185 2214 lide
223 2151 287 2214 sibi
323 2151 359 2214 in
389 2171 523 2215 uxorem
560 2151 706 2234 copulari
737 2151 896 2235 fecerant,
933 2151 1136 2235 qualiterque

120 2238 212 2322 ipsos
245 2239 286 2303 ad
319 2238 481 2322 quandam
513 2239 670 2321 insulam,
702 2242 738 2304 ut
765 2239 886 2303 ibidem
919 2239 1005 2303 fame
1036 2240 1136 2304 inter·

120 2327 269 2409 licerent,
292 2327 509 2411 perduxerant
533 2349 570 2391 ec
590 2327 630 2391 iis
650 2327 697 2391 ibi
716 2327 838 2392 relictis
857 2325 994 2392 Romam
1015 2329 1137 2393 reversi

120 2415 253 2480 fuerant
276 2418 309 2480 et
332 2415 472 2500 qualiter
496 2416 625 2499 quidam
648 2416 726 2480 boni
753 2416 901 2481 homines
925 2437 991 2480 non
1014 2417 1136 2501 absque

81 2521 106 2561 2⁵
121 2507 204 2567 nutu
231 2504 364 2568 deorum
393 2504 581 2569 sublimium
608 2525 707 2586 penes
736 2505 841 2587 ipsam
873 2503 1015 2600 insulam
1046 2505 1136 2570 navi·

121 2594 238 2674 gantas
261 2592 414 2677 ipsosque
434 2614 530 2675 super
550 2614 603 2657 eos
623 2593 801 2657 clamantes
825 2593 1017 2657 invenerunt
1040 2598 1073 2658 et
1096 2594 1138 2658 ad

121 2679 260 2744 Romam
288 2681 519 2764 perduxerunt,
547 2680 688 2764 qualiter
716 2680 816 2745 etiam
843 2680 882 2744 de
910 2680 961 2744 his
986 2682 1136 2746 omnibus

122 2768 204 2832 satis
227 2768 421 2834 miraculose
444 2769 565 2853 reperit
582 2769 756 2833 veritatem
774 2768 932 2851 dictisque
950 2771 1137 2835 mercatori·

122 2855 193 2939 bus,
212 2857 296 2922 sicut
310 2858 394 2922 male
409 2861 552 2942 egerant,
570 2879 629 2939 per
647 2857 842 2922 sententiam
857 2857 1135 2922 condemnationis

80 2963 108 3003 eo
122 2944 236 3008 inferri
258 2944 383 3010 fecerat
407 2944 603 3029 supplicium
626 2944 715 3010 dirae
738 2946 865 3010 mortis.
1020 2959 1024 2968 '

194 3143 209 3191 6
228 3137 319 3192 undt
343 3136 431 3192 Verba
449 3135 684 3204 quemadmodum
702 3167 735 3176 -
754 3136 935 3192 rettullerant
952 3152 1002 3192 om.
1023 3136 1059 3191 F.
1120 3144 1135 3193 ἵ

120 3207 278 3262 retulerant
290 3209 347 3262 cod.
362 3207 399 3260 D.
473 3213 507 3261 14
520 3207 676 3262 retulerant
690 3209 765 3264 codd.
831 3213 865 3263 15
880 3207 1033 3262 eolaffionee
1050 3209 1137 3274 codd,

121 3281 238 3345 sortasse
255 3284 414 3348 corruptam
431 3283 477 3333 est.
565 3284 598 3333 16
616 3278 750 3332 nunccios
771 3280 847 3336 codd.
936 3285 967 3334 17
986 3279 1137 3333 nuncciare

121 3351 199 3404 codd.
272 3355 306 3404 28
325 3347 491 3402 miraculose
512 3365 541 3402 se
560 3351 647 3413 codd,
665 3351 781 3404 alterum
799 3365 829 3403 ee
848 3351 940 3404 delevi.
1018 3356 1052 3404 29
1072 3366 1137 3404 con·

122 3417 331 3488 dampnationis
350 3421 425 3475 codd.
512 3425 547 3474 30
567 3419 736 3489 supplicium
754 3419 839 3489 digne
857 3419 957 3474 mortis
975 3421 1018 3487 D,
1036 3419 1136 3474 mortis

122 3489 182 3544 dire
201 3488 371 3560 supplicium
390 3489 425 3544 F.
