<?xml version="1.0" encoding="UTF-8"?>
<!DOCTYPE html PUBLIC "-//W3C//DTD XHTML 1.0 Transitional//EN"
    "http://www.w3.org/TR/xhtml1/DTD/xhtml1-transitional.dtd">
<html xmlns="http://www.w3.org/1999/xhtml" xml:lang="en" lang="en">
 <head>
  <title>
</title>
<meta http-equiv="Content-Type" content="text/html;charset=utf-8" />
  <meta name='ocr-system' content='tesseract 3.04.00' />
  <meta name='ocr-capabilities' content='ocr_page ocr_carea ocr_par ocr_line ocrx_word'/>
</head>
<body>
  <div class='ocr_page' id='page_1' title='image "./incertiauctoris02heydgoog_0015.png"; bbox 0 0 2576 3942; ppageno 0'>
   <div class='ocr_carea' id='block_1_1' title="bbox 595 66 1272 293">
    <p class='ocr_par' dir='ltr' id='par_1_1' title="bbox 595 66 1272 316">
     <span class='ocr_line' id='line_1_1' title="bbox 1271 66 1272 122; baseline 0 0"><span class='ocrx_word' id='word_1_1' title='bbox 1271 66 1272 122; x_wconf 90' lang='lat' dir='ltr'>l</span> 
     </span>
     <span class='ocr_line' id='line_1_2' title="bbox 595 229 792 293; baseline 0 -18"><span class='ocrx_word' id='word_1_2' title='bbox 595 229 792 293; x_wconf 74' lang='lat'>..2-</span> 
     </span>
    </p>
   </div>
   <div class='ocr_carea' id='block_1_2' title="bbox 152 386 1277 2765">
    <p class='ocr_par' dir='ltr' id='par_1_2' title="bbox 152 386 1277 2677">
     <span class='ocr_line' id='line_1_3' title="bbox 152 386 1205 472; baseline -0.001 -19"><span class='ocrx_word' id='word_1_3' title='bbox 152 408 174 470; x_wconf 77' lang='lat'>2</span> <span class='ocrx_word' id='word_1_4' title='bbox 279 386 452 454; x_wconf 73' lang='lat' dir='ltr'>Crescente</span> <span class='ocrx_word' id='word_1_5' title='bbox 488 410 565 453; x_wconf 82' lang='lat' dir='ltr'>vero</span> <span class='ocrx_word' id='word_1_6' title='bbox 604 387 812 472; x_wconf 86' lang='lat' dir='ltr'>postmodum</span> <span class='ocrx_word' id='word_1_7' title='bbox 849 386 1092 452; x_wconf 86' lang='lat' dir='ltr'>sacratissimae</span> <span class='ocrx_word' id='word_1_8' title='bbox 1128 387 1205 452; x_wconf 90' lang='lat' dir='ltr'>fidei</span> 
     </span>
     <span class='ocr_line' id='line_1_4' title="bbox 190 474 1206 560; baseline -0.003 -17"><span class='ocrx_word' id='word_1_9' title='bbox 190 478 389 543; x_wconf 74' lang='lat' dir='ltr'>christianae</span> <span class='ocrx_word' id='word_1_10' title='bbox 407 476 563 560; x_wconf 85' lang='lat' dir='ltr'>religione</span> <span class='ocrx_word' id='word_1_11' title='bbox 582 499 619 542; x_wconf 90' lang='lat' dir='ltr'>ac</span> <span class='ocrx_word' id='word_1_12' title='bbox 636 475 825 540; x_wconf 78' lang='lat' dir='ltr'>succedente</span> <span class='ocrx_word' id='word_1_13' title='bbox 843 474 879 538; x_wconf 92' lang='lat' dir='ltr'>in</span> <span class='ocrx_word' id='word_1_14' title='bbox 898 474 1035 558; x_wconf 91' lang='lat' dir='ltr'>imperio</span> <span class='ocrx_word' id='word_1_15' title='bbox 1053 474 1206 540; x_wconf 86' lang='lat' dir='ltr'>Romano</span> 
     </span>
     <span class='ocr_line' id='line_1_5' title="bbox 189 562 1206 648; baseline -0.002 -17"><span class='ocrx_word' id='word_1_16' title='bbox 189 563 383 631; x_wconf 79' lang='lat' dir='ltr'>Constantio</span> <span class='ocrx_word' id='word_1_17' title='bbox 405 566 601 647; x_wconf 80' lang='lat' dir='ltr'>imperatore</span> <span class='ocrx_word' id='word_1_18' title='bbox 619 564 766 629; x_wconf 84' lang='lat' dir='ltr'>Romano</span> <span class='ocrx_word' id='word_1_19' title='bbox 786 583 914 645; x_wconf 88' lang='lat' dir='ltr'>semper</span> <span class='ocrx_word' id='word_1_20' title='bbox 931 562 1082 648; x_wconf 81' lang='lat' dir='ltr'>Augusto</span> <span class='ocrx_word' id='word_1_21' title='bbox 1101 565 1206 629; x_wconf 91' lang='lat' dir='ltr'>totius</span> 
     </span>
     <span class='ocr_line' id='line_1_6' title="bbox 190 650 1207 739; baseline -0.003 -20"><span class='ocrx_word' id='word_1_22' title='bbox 190 653 387 739; x_wconf 90' lang='lat' dir='ltr'>reipublicae</span> <span class='ocrx_word' id='word_1_23' title='bbox 405 653 622 737; x_wconf 83' lang='lat' dir='ltr'>principatum</span> <span class='ocrx_word' id='word_1_24' title='bbox 640 674 699 736; x_wconf 93' lang='lat' dir='ltr'>pro</span> <span class='ocrx_word' id='word_1_25' title='bbox 719 656 865 735; x_wconf 85' lang='lat' dir='ltr'>ternpore</span> <span class='ocrx_word' id='word_1_26' title='bbox 880 650 1048 716; x_wconf 87' lang='lat' dir='ltr'>obtinente</span> <span class='ocrx_word' id='word_1_27' title='bbox 1064 653 1207 737; x_wconf 89' lang='lat' dir='ltr'>contigit</span> 
     </span>
     <span class='ocr_line' id='line_1_7' title="bbox 187 739 1231 828; baseline -0.001 -21"><span class='ocrx_word' id='word_1_28' title='bbox 187 742 348 808; x_wconf 83' lang='lat' dir='ltr'>Helenam</span> <span class='ocrx_word' id='word_1_29' title='bbox 376 742 550 828; x_wconf 87' lang='lat' dir='ltr'>virginem,</span> <span class='ocrx_word' id='word_1_30' title='bbox 580 762 662 827; x_wconf 88' lang='lat' dir='ltr'>quae</span> <span class='ocrx_word' id='word_1_31' title='bbox 686 761 725 805; x_wconf 86' lang='lat' dir='ltr'>ex</span> <span class='ocrx_word' id='word_1_32' title='bbox 747 739 914 805; x_wconf 90' lang='lat' dir='ltr'>nobilibus</span> <span class='ocrx_word' id='word_1_33' title='bbox 937 739 1066 823; x_wconf 86' lang='lat' dir='ltr'>quidem</span> <span class='ocrx_word' id='word_1_34' title='bbox 1088 757 1231 824; x_wconf 85' lang='lat' dir='ltr'>paren-⁵</span> 
     </span>
     <span class='ocr_line' id='line_1_8' title="bbox 187 828 1206 916; baseline -0.001 -21"><span class='ocrx_word' id='word_1_35' title='bbox 187 831 276 896; x_wconf 90' lang='lat' dir='ltr'>tibus</span> <span class='ocrx_word' id='word_1_36' title='bbox 304 831 478 916; x_wconf 85' lang='lat' dir='ltr'>progenita</span> <span class='ocrx_word' id='word_1_37' title='bbox 505 829 545 894; x_wconf 90' lang='lat' dir='ltr'>de</span> <span class='ocrx_word' id='word_1_38' title='bbox 573 830 674 912; x_wconf 83' lang='lat' dir='ltr'>stirpe</span> <span class='ocrx_word' id='word_1_39' title='bbox 706 829 908 912; x_wconf 87' lang='lat' dir='ltr'>quorundam</span> <span class='ocrx_word' id='word_1_40' title='bbox 936 828 1098 893; x_wconf 90' lang='lat' dir='ltr'>nobilium</span> <span class='ocrx_word' id='word_1_41' title='bbox 1128 829 1206 894; x_wconf 85' lang='lat' dir='ltr'>civi-</span> 
     </span>
     <span class='ocr_line' id='line_1_9' title="bbox 188 915 1274 1006; baseline -0.002 -22"><span class='ocrx_word' id='word_1_42' title='bbox 188 918 267 984; x_wconf 89' lang='lat' dir='ltr'>tatis</span> <span class='ocrx_word' id='word_1_43' title='bbox 297 917 503 983; x_wconf 83' lang='lat' dir='ltr'>Treverensis</span> <span class='ocrx_word' id='word_1_44' title='bbox 534 917 694 1000; x_wconf 80' lang='lat' dir='ltr'>originem</span> <span class='ocrx_word' id='word_1_45' title='bbox 723 918 839 1000; x_wconf 80' lang='lat' dir='ltr'>traxit,</span> <span class='ocrx_word' id='word_1_46' title='bbox 873 915 981 980; x_wconf 87' lang='lat' dir='ltr'>venire</span> <span class='ocrx_word' id='word_1_47' title='bbox 1018 916 1060 980; x_wconf 87' lang='lat' dir='ltr'>ad</span> <span class='ocrx_word' id='word_1_48' title='bbox 1089 917 1206 982; x_wconf 88' lang='lat' dir='ltr'>urbem</span> <span class='ocrx_word' id='word_1_49' title='bbox 1272 945 1274 1006; x_wconf 62' lang='grc' dir='ltr'>ι</span> 
     </span>
     <span class='ocr_line' id='line_1_10' title="bbox 187 1004 1206 1090; baseline -0.001 -18"><span class='ocrx_word' id='word_1_50' title='bbox 187 1006 328 1072; x_wconf 81' lang='lat' dir='ltr'>Romam</span> <span class='ocrx_word' id='word_1_51' title='bbox 351 1005 548 1090; x_wconf 89' lang='lat' dir='ltr'>praedictam</span> <span class='ocrx_word' id='word_1_52' title='bbox 572 1027 681 1069; x_wconf 91' lang='lat' dir='ltr'>amore</span> <span class='ocrx_word' id='word_1_53' title='bbox 700 1004 857 1070; x_wconf 80' lang='lat' dir='ltr'>visitandi</span> <span class='ocrx_word' id='word_1_54' title='bbox 879 1005 993 1069; x_wconf 90' lang='lat' dir='ltr'>limina</span> <span class='ocrx_word' id='word_1_55' title='bbox 1016 1009 1206 1070; x_wconf 86' lang='lat' dir='ltr'>sanctorum</span> 
     </span>
     <span class='ocr_line' id='line_1_11' title="bbox 188 1090 1206 1177; baseline -0.002 -17"><span class='ocrx_word' id='word_1_56' title='bbox 188 1095 279 1160; x_wconf 90' lang='lat' dir='ltr'>Petri</span> <span class='ocrx_word' id='word_1_57' title='bbox 297 1097 330 1158; x_wconf 90' lang='lat' dir='ltr'>et</span> <span class='ocrx_word' id='word_1_58' title='bbox 348 1093 442 1159; x_wconf 87' lang='lat' dir='ltr'>Pauli</span> <span class='ocrx_word' id='word_1_59' title='bbox 467 1093 689 1177; x_wconf 86' lang='lat' dir='ltr'>apostolorum</span> <span class='ocrx_word' id='word_1_60' title='bbox 712 1093 960 1176; x_wconf 89' lang='lat' dir='ltr'>praedictorum.</span> <span class='ocrx_word' id='word_1_61' title='bbox 993 1090 1075 1157; x_wconf 84' lang='lat' dir='ltr'>Oum</span> <span class='ocrx_word' id='word_1_62' title='bbox 1095 1097 1206 1158; x_wconf 89' lang='lat' dir='ltr'>autem</span> 
     </span>
     <span class='ocr_line' id='line_1_12' title="bbox 188 1181 1245 1267; baseline -0.001 -20"><span class='ocrx_word' id='word_1_63' title='bbox 188 1183 261 1267; x_wconf 91' lang='lat' dir='ltr'>ipsa</span> <span class='ocrx_word' id='word_1_64' title='bbox 291 1181 418 1247; x_wconf 92' lang='lat' dir='ltr'>Helena</span> <span class='ocrx_word' id='word_1_65' title='bbox 447 1186 534 1247; x_wconf 91' lang='lat' dir='ltr'>esset</span> <span class='ocrx_word' id='word_1_66' title='bbox 564 1182 600 1246; x_wconf 93' lang='lat' dir='ltr'>in</span> <span class='ocrx_word' id='word_1_67' title='bbox 628 1181 708 1245; x_wconf 88' lang='lat' dir='ltr'>urbe</span> <span class='ocrx_word' id='word_1_68' title='bbox 739 1181 900 1264; x_wconf 87' lang='lat' dir='ltr'>praefata,</span> <span class='ocrx_word' id='word_1_69' title='bbox 932 1181 1085 1266; x_wconf 90' lang='lat' dir='ltr'>contigit,</span> <span class='ocrx_word' id='word_1_70' title='bbox 1117 1183 1206 1266; x_wconf 91' lang='lat' dir='ltr'>quod</span> <span class='ocrx_word' id='word_1_71' title='bbox 1221 1199 1245 1238; x_wconf 75' lang='grc' dir='ltr'>ω</span> 
     </span>
     <span class='ocr_line' id='line_1_13' title="bbox 188 1267 1205 1354; baseline -0.002 -17"><span class='ocrx_word' id='word_1_72' title='bbox 188 1269 400 1337; x_wconf 79' lang='lat' dir='ltr'>Constantius</span> <span class='ocrx_word' id='word_1_73' title='bbox 424 1270 602 1354; x_wconf 89' lang='lat' dir='ltr'>imperator</span> <span class='ocrx_word' id='word_1_74' title='bbox 628 1269 796 1353; x_wconf 86' lang='lat' dir='ltr'>praefatus</span> <span class='ocrx_word' id='word_1_75' title='bbox 818 1270 882 1334; x_wconf 92' lang='lat' dir='ltr'>iter</span> <span class='ocrx_word' id='word_1_76' title='bbox 904 1267 1026 1334; x_wconf 86' lang='lat' dir='ltr'>faciens</span> <span class='ocrx_word' id='word_1_77' title='bbox 1051 1291 1090 1334; x_wconf 86' lang='lat' dir='ltr'>ex</span> <span class='ocrx_word' id='word_1_78' title='bbox 1113 1291 1205 1335; x_wconf 90' lang='lat' dir='ltr'>more</span> 
     </span>
     <span class='ocr_line' id='line_1_14' title="bbox 188 1356 1205 1444; baseline 0.001 -21"><span class='ocrx_word' id='word_1_79' title='bbox 188 1380 245 1444; x_wconf 91' lang='lat' dir='ltr'>per</span> <span class='ocrx_word' id='word_1_80' title='bbox 274 1363 409 1442; x_wconf 90' lang='lat' dir='ltr'>pontem</span> <span class='ocrx_word' id='word_1_81' title='bbox 436 1358 563 1424; x_wconf 83' lang='lat' dir='ltr'>Tiberis</span> <span class='ocrx_word' id='word_1_82' title='bbox 592 1358 676 1422; x_wconf 82' lang='lat' dir='ltr'>vidit</span> <span class='ocrx_word' id='word_1_83' title='bbox 702 1357 860 1422; x_wconf 89' lang='lat' dir='ltr'>Helenam</span> <span class='ocrx_word' id='word_1_84' title='bbox 888 1357 974 1422; x_wconf 89' lang='lat' dir='ltr'>inter</span> <span class='ocrx_word' id='word_1_85' title='bbox 1001 1356 1085 1422; x_wconf 91' lang='lat' dir='ltr'>alios</span> <span class='ocrx_word' id='word_1_86' title='bbox 1113 1381 1205 1442; x_wconf 91' lang='lat' dir='ltr'>pere-</span> 
     </span>
     <span class='ocr_line' id='line_1_15' title="bbox 188 1445 1205 1532; baseline -0.001 -20"><span class='ocrx_word' id='word_1_87' title='bbox 188 1447 299 1532; x_wconf 88' lang='lat' dir='ltr'>grinos</span> <span class='ocrx_word' id='word_1_88' title='bbox 323 1447 386 1512; x_wconf 90' lang='lat' dir='ltr'>sibi</span> <span class='ocrx_word' id='word_1_89' title='bbox 411 1469 488 1512; x_wconf 88' lang='lat' dir='ltr'>casu</span> <span class='ocrx_word' id='word_1_90' title='bbox 511 1449 740 1512; x_wconf 89' lang='lat' dir='ltr'>occurrentem.</span> <span class='ocrx_word' id='word_1_91' title='bbox 775 1445 913 1510; x_wconf 82' lang='lat' dir='ltr'>Etcum</span> <span class='ocrx_word' id='word_1_92' title='bbox 936 1445 1074 1510; x_wconf 85' lang='lat' dir='ltr'>intuitus</span> <span class='ocrx_word' id='word_1_93' title='bbox 1097 1447 1205 1530; x_wconf 87' lang='lat' dir='ltr'>ipsam</span> 
     </span>
     <span class='ocr_line' id='line_1_16' title="bbox 186 1533 1276 1620; baseline 0 -20"><span class='ocrx_word' id='word_1_94' title='bbox 186 1535 304 1600; x_wconf 84' lang='lat' dir='ltr'>fuisset</span> <span class='ocrx_word' id='word_1_95' title='bbox 328 1537 460 1620; x_wconf 89' lang='lat' dir='ltr'>eiusque</span> <span class='ocrx_word' id='word_1_96' title='bbox 479 1535 664 1620; x_wconf 84' lang='lat' dir='ltr'>elegantiae</span> <span class='ocrx_word' id='word_1_97' title='bbox 681 1533 955 1617; x_wconf 89' lang='lat' dir='ltr'>pulchritudinem</span> <span class='ocrx_word' id='word_1_98' title='bbox 973 1536 1205 1620; x_wconf 83' lang='lat' dir='ltr'>conspexisset,</span> <span class='ocrx_word' id='word_1_99' title='bbox 1275 1551 1276 1561; x_wconf 59' lang='lat'>¹</span> 
     </span>
     <span class='ocr_line' id='line_1_17' title="bbox 188 1622 1244 1708; baseline -0.003 -18"><span class='ocrx_word' id='word_1_100' title='bbox 188 1625 268 1708; x_wconf 90' lang='lat' dir='ltr'>ipse,</span> <span class='ocrx_word' id='word_1_101' title='bbox 287 1645 360 1688; x_wconf 90' lang='lat' dir='ltr'>cum</span> <span class='ocrx_word' id='word_1_102' title='bbox 379 1627 465 1689; x_wconf 88' lang='lat' dir='ltr'>esset</span> <span class='ocrx_word' id='word_1_103' title='bbox 482 1627 571 1688; x_wconf 91' lang='lat' dir='ltr'>totus</span> <span class='ocrx_word' id='word_1_104' title='bbox 590 1623 715 1687; x_wconf 89' lang='lat' dir='ltr'>deditus</span> <span class='ocrx_word' id='word_1_105' title='bbox 734 1622 872 1706; x_wconf 86' lang='lat' dir='ltr'>libidini,</span> <span class='ocrx_word' id='word_1_106' title='bbox 890 1623 925 1686; x_wconf 92' lang='lat' dir='ltr'>in</span> <span class='ocrx_word' id='word_1_107' title='bbox 943 1623 1244 1705; x_wconf 83' lang='lat' dir='ltr'>concupientiam1⁵</span> 
     </span>
     <span class='ocr_line' id='line_1_18' title="bbox 188 1709 1205 1795; baseline 0.001 -19"><span class='ocrx_word' id='word_1_108' title='bbox 188 1713 257 1776; x_wconf 90' lang='lat' dir='ltr'>eius</span> <span class='ocrx_word' id='word_1_109' title='bbox 286 1712 409 1777; x_wconf 85' lang='lat' dir='ltr'>exarsit</span> <span class='ocrx_word' id='word_1_110' title='bbox 435 1715 469 1776; x_wconf 92' lang='lat' dir='ltr'>et</span> <span class='ocrx_word' id='word_1_111' title='bbox 495 1711 663 1776; x_wconf 87' lang='lat' dir='ltr'>mandavit</span> <span class='ocrx_word' id='word_1_112' title='bbox 690 1709 883 1795; x_wconf 88' lang='lat' dir='ltr'>quibusdam</span> <span class='ocrx_word' id='word_1_113' title='bbox 912 1710 1111 1776; x_wconf 89' lang='lat' dir='ltr'>satellitibus</span> <span class='ocrx_word' id='word_1_114' title='bbox 1136 1713 1205 1777; x_wconf 92' lang='lat' dir='ltr'>suis</span> 
     </span>
     <span class='ocr_line' id='line_1_19' title="bbox 188 1798 1277 1890; baseline 0.001 -26"><span class='ocrx_word' id='word_1_115' title='bbox 188 1800 309 1865; x_wconf 90' lang='lat' dir='ltr'>dicens:</span> <span class='ocrx_word' id='word_1_116' title='bbox 347 1798 538 1885; x_wconf 77' lang='lat' dir='ltr'>‘Sequimini</span> <span class='ocrx_word' id='word_1_117' title='bbox 569 1799 653 1864; x_wconf 89' lang='lat' dir='ltr'>hanc</span> <span class='ocrx_word' id='word_1_118' title='bbox 681 1803 715 1864; x_wconf 91' lang='lat' dir='ltr'>et</span> <span class='ocrx_word' id='word_1_119' title='bbox 745 1799 780 1863; x_wconf 93' lang='lat' dir='ltr'>in</span> <span class='ocrx_word' id='word_1_120' title='bbox 807 1820 1043 1883; x_wconf 90' lang='lat' dir='ltr'>quamcumque</span> <span class='ocrx_word' id='word_1_121' title='bbox 1071 1799 1205 1865; x_wconf 89' lang='lat' dir='ltr'>domum</span> <span class='ocrx_word' id='word_1_122' title='bbox 1276 1873 1277 1890; x_wconf 47' lang='lat'>,</span> 
     </span>
     <span class='ocr_line' id='line_1_20' title="bbox 187 1886 1277 1972; baseline 0.002 -20"><span class='ocrx_word' id='word_1_123' title='bbox 187 1889 373 1972; x_wconf 82' lang='lat' dir='ltr'>intraverit,</span> <span class='ocrx_word' id='word_1_124' title='bbox 397 1889 493 1953; x_wconf 89' lang='lat' dir='ltr'>dicite</span> <span class='ocrx_word' id='word_1_125' title='bbox 512 1887 657 1971; x_wconf 90' lang='lat' dir='ltr'>domino,</span> <span class='ocrx_word' id='word_1_126' title='bbox 682 1887 766 1972; x_wconf 91' lang='lat' dir='ltr'>quod</span> <span class='ocrx_word' id='word_1_127' title='bbox 787 1888 892 1971; x_wconf 87' lang='lat' dir='ltr'>ipsam</span> <span class='ocrx_word' id='word_1_128' title='bbox 916 1886 955 1952; x_wconf 94' lang='lat' dir='ltr'>de</span> <span class='ocrx_word' id='word_1_129' title='bbox 978 1887 1074 1952; x_wconf 90' lang='lat' dir='ltr'>domo</span> <span class='ocrx_word' id='word_1_130' title='bbox 1093 1910 1153 1954; x_wconf 91' lang='lat' dir='ltr'>sua</span> <span class='ocrx_word' id='word_1_131' title='bbox 1173 1893 1207 1954; x_wconf 89' lang='lat' dir='ltr'>et</span> <span class='ocrx_word' id='word_1_132' title='bbox 1276 1891 1277 1918; x_wconf 66' lang='lat'>³</span> 
     </span>
     <span class='ocr_line' id='line_1_21' title="bbox 189 1975 1205 2062; baseline 0.001 -22"><span class='ocrx_word' id='word_1_133' title='bbox 189 1976 350 2061; x_wconf 89' lang='lat' dir='ltr'>custodia,</span> <span class='ocrx_word' id='word_1_134' title='bbox 383 1997 549 2061; x_wconf 89' lang='lat' dir='ltr'>quousque</span> <span class='ocrx_word' id='word_1_135' title='bbox 575 1975 614 2040; x_wconf 91' lang='lat' dir='ltr'>de</span> <span class='ocrx_word' id='word_1_136' title='bbox 643 1976 716 2060; x_wconf 86' lang='lat' dir='ltr'>ipsa</span> <span class='ocrx_word' id='word_1_137' title='bbox 743 1976 828 2040; x_wconf 91' lang='lat' dir='ltr'>sicut</span> <span class='ocrx_word' id='word_1_138' title='bbox 860 1975 1074 2062; x_wconf 87' lang='lat' dir='ltr'>cogitavimus</span> <span class='ocrx_word' id='word_1_139' title='bbox 1107 1981 1205 2061; x_wconf 87' lang='lat' dir='ltr'>capta</span> 
     </span>
     <span class='ocr_line' id='line_1_22' title="bbox 189 2064 1247 2148; baseline 0 -18"><span class='ocrx_word' id='word_1_140' title='bbox 189 2065 437 2148; x_wconf 87' lang='lat' dir='ltr'>opportunitate</span> <span class='ocrx_word' id='word_1_141' title='bbox 465 2065 614 2129; x_wconf 90' lang='lat' dir='ltr'>ordinare</span> <span class='ocrx_word' id='word_1_142' title='bbox 642 2064 835 2148; x_wconf 82' lang='lat' dir='ltr'>poterimus,</span> <span class='ocrx_word' id='word_1_143' title='bbox 863 2064 923 2128; x_wconf 84' lang='lat' dir='ltr'>sub</span> <span class='ocrx_word' id='word_1_144' title='bbox 951 2084 1058 2146; x_wconf 89' lang='lat' dir='ltr'>poena</span> <span class='ocrx_word' id='word_1_145' title='bbox 1084 2066 1205 2147; x_wconf 88' lang='lat' dir='ltr'>capitis</span> <span class='ocrx_word' id='word_1_146' title='bbox 1221 2081 1247 2120; x_wconf 77' lang='lat'>20</span> 
     </span>
     <span class='ocr_line' id='line_1_23' title="bbox 188 2151 1206 2238; baseline -0.001 -20"><span class='ocrx_word' id='word_1_147' title='bbox 188 2176 255 2218; x_wconf 90' lang='lat' dir='ltr'>non</span> <span class='ocrx_word' id='word_1_148' title='bbox 278 2152 445 2219; x_wconf 69' lang='lat' dir='ltr'>dimittat?</span> <span class='ocrx_word' id='word_1_149' title='bbox 488 2152 550 2229; x_wconf 84' lang='lat' dir='ltr'>Qui</span> <span class='ocrx_word' id='word_1_150' title='bbox 573 2155 745 2238; x_wconf 89' lang='lat' dir='ltr'>sequentes</span> <span class='ocrx_word' id='word_1_151' title='bbox 771 2153 878 2236; x_wconf 90' lang='lat' dir='ltr'>ipsam</span> <span class='ocrx_word' id='word_1_152' title='bbox 902 2172 1004 2236; x_wconf 86' lang='lat' dir='ltr'>usque</span> <span class='ocrx_word' id='word_1_153' title='bbox 1032 2152 1072 2216; x_wconf 92' lang='lat' dir='ltr'>ad</span> <span class='ocrx_word' id='word_1_154' title='bbox 1093 2151 1206 2236; x_wconf 87' lang='lat' dir='ltr'>hospi-</span> 
     </span>
     <span class='ocr_line' id='line_1_24' title="bbox 187 2240 1205 2325; baseline 0 -19"><span class='ocrx_word' id='word_1_155' title='bbox 187 2242 270 2306; x_wconf 86' lang='lat' dir='ltr'>tium</span> <span class='ocrx_word' id='word_1_156' title='bbox 298 2241 384 2325; x_wconf 91' lang='lat' dir='ltr'>quod</span> <span class='ocrx_word' id='word_1_157' title='bbox 414 2263 487 2306; x_wconf 89' lang='lat' dir='ltr'>cum</span> <span class='ocrx_word' id='word_1_158' title='bbox 514 2241 582 2306; x_wconf 87' lang='lat' dir='ltr'>suis</span> <span class='ocrx_word' id='word_1_159' title='bbox 609 2242 788 2305; x_wconf 81' lang='lat' dir='ltr'>intraverat</span> <span class='ocrx_word' id='word_1_160' title='bbox 815 2240 912 2305; x_wconf 90' lang='lat' dir='ltr'>sociis</span> <span class='ocrx_word' id='word_1_161' title='bbox 941 2240 1065 2323; x_wconf 90' lang='lat' dir='ltr'>hospiti</span> <span class='ocrx_word' id='word_1_162' title='bbox 1087 2240 1205 2306; x_wconf 89' lang='lat' dir='ltr'>domus</span> 
     </span>
     <span class='ocr_line' id='line_1_25' title="bbox 187 2327 1205 2413; baseline 0.001 -20"><span class='ocrx_word' id='word_1_163' title='bbox 187 2329 221 2394; x_wconf 93' lang='lat' dir='ltr'>id</span> <span class='ocrx_word' id='word_1_164' title='bbox 245 2330 330 2413; x_wconf 94' lang='lat' dir='ltr'>quod</span> <span class='ocrx_word' id='word_1_165' title='bbox 354 2350 374 2392; x_wconf 89' lang='lat' dir='ltr'>a</span> <span class='ocrx_word' id='word_1_166' title='bbox 397 2328 529 2393; x_wconf 89' lang='lat' dir='ltr'>domino</span> <span class='ocrx_word' id='word_1_167' title='bbox 548 2350 606 2393; x_wconf 90' lang='lat' dir='ltr'>suo</span> <span class='ocrx_word' id='word_1_168' title='bbox 629 2329 664 2393; x_wconf 93' lang='lat' dir='ltr'>in</span> <span class='ocrx_word' id='word_1_169' title='bbox 683 2327 844 2394; x_wconf 89' lang='lat' dir='ltr'>mandatis</span> <span class='ocrx_word' id='word_1_170' title='bbox 864 2331 1057 2411; x_wconf 89' lang='lat' dir='ltr'>acceperant</span> <span class='ocrx_word' id='word_1_171' title='bbox 1079 2335 1205 2394; x_wconf 88' lang='lat' dir='ltr'>secreto</span> 
     </span>
     <span class='ocr_line' id='line_1_26' title="bbox 188 2415 1206 2500; baseline 0.001 -19"><span class='ocrx_word' id='word_1_172' title='bbox 188 2420 410 2482; x_wconf 89' lang='lat' dir='ltr'>narraverunt.</span> <span class='ocrx_word' id='word_1_173' title='bbox 459 2415 589 2499; x_wconf 86' lang='lat' dir='ltr'>Hospes</span> <span class='ocrx_word' id='word_1_174' title='bbox 615 2438 692 2482; x_wconf 87' lang='lat' dir='ltr'>vero</span> <span class='ocrx_word' id='word_1_175' title='bbox 725 2416 840 2482; x_wconf 91' lang='lat' dir='ltr'>domus</span> <span class='ocrx_word' id='word_1_176' title='bbox 875 2419 1008 2500; x_wconf 87' lang='lat' dir='ltr'>accepto</span> <span class='ocrx_word' id='word_1_177' title='bbox 1039 2417 1206 2500; x_wconf 88' lang='lat' dir='ltr'>imperiali</span> 
     </span>
     <span class='ocr_line' id='line_1_27' title="bbox 189 2503 1247 2587; baseline -0.005 -19"><span class='ocrx_word' id='word_1_178' title='bbox 189 2503 342 2570; x_wconf 90' lang='lat' dir='ltr'>mandato</span> <span class='ocrx_word' id='word_1_179' title='bbox 356 2504 538 2587; x_wconf 88' lang='lat' dir='ltr'>praefatam</span> <span class='ocrx_word' id='word_1_180' title='bbox 551 2503 712 2568; x_wconf 91' lang='lat' dir='ltr'>Helenam</span> <span class='ocrx_word' id='word_1_181' title='bbox 729 2505 762 2568; x_wconf 90' lang='lat' dir='ltr'>in</span> <span class='ocrx_word' id='word_1_182' title='bbox 772 2504 918 2569; x_wconf 90' lang='lat' dir='ltr'>custodia</span> <span class='ocrx_word' id='word_1_183' title='bbox 932 2526 990 2570; x_wconf 85' lang='lat' dir='ltr'>sua</span> <span class='ocrx_word' id='word_1_184' title='bbox 1004 2505 1088 2570; x_wconf 87' lang='lat' dir='ltr'>clem</span> <span class='ocrx_word' id='word_1_185' title='bbox 1103 2507 1204 2571; x_wconf 89' lang='lat' dir='ltr'>susci·</span> <span class='ocrx_word' id='word_1_186' title='bbox 1220 2524 1247 2564; x_wconf 83' lang='lat'>25</span> 
     </span>
     <span class='ocr_line' id='line_1_28' title="bbox 187 2592 1166 2677; baseline 0.004 -22"><span class='ocrx_word' id='word_1_187' title='bbox 187 2592 280 2677; x_wconf 86' lang='lat' dir='ltr'>piena</span> <span class='ocrx_word' id='word_1_188' title='bbox 303 2614 344 2674; x_wconf 88' lang='lat' dir='ltr'>ne</span> <span class='ocrx_word' id='word_1_189' title='bbox 367 2592 407 2656; x_wconf 92' lang='lat' dir='ltr'>de</span> <span class='ocrx_word' id='word_1_190' title='bbox 430 2593 525 2658; x_wconf 92' lang='lat' dir='ltr'>domo</span> <span class='ocrx_word' id='word_1_191' title='bbox 551 2613 610 2658; x_wconf 88' lang='lat' dir='ltr'>sua</span> <span class='ocrx_word' id='word_1_192' title='bbox 631 2592 795 2657; x_wconf 86' lang='lat' dir='ltr'>recederet</span> <span class='ocrx_word' id='word_1_193' title='bbox 817 2593 958 2657; x_wconf 90' lang='lat' dir='ltr'>sollicite</span> <span class='ocrx_word' id='word_1_194' title='bbox 980 2593 1166 2659; x_wconf 90' lang='lat' dir='ltr'>custodivit.</span> 
     </span>
    </p>

    <p class='ocr_par' dir='ltr' id='par_1_3' title="bbox 153 2679 1205 2765">
     <span class='ocr_line' id='line_1_29' title="bbox 153 2679 1205 2765; baseline 0.002 -20"><span class='ocrx_word' id='word_1_195' title='bbox 153 2691 174 2755; x_wconf 85' lang='lat'>3</span> <span class='ocrx_word' id='word_1_196' title='bbox 276 2679 446 2765; x_wconf 84' lang='lat' dir='ltr'>Peregrini</span> <span class='ocrx_word' id='word_1_197' title='bbox 473 2684 583 2746; x_wconf 86' lang='lat' dir='ltr'>autem</span> <span class='ocrx_word' id='word_1_198' title='bbox 612 2681 669 2746; x_wconf 89' lang='lat' dir='ltr'>alii</span> <span class='ocrx_word' id='word_1_199' title='bbox 696 2680 765 2744; x_wconf 90' lang='lat' dir='ltr'>eius</span> <span class='ocrx_word' id='word_1_200' title='bbox 789 2681 930 2745; x_wconf 92' lang='lat' dir='ltr'>consocii</span> <span class='ocrx_word' id='word_1_201' title='bbox 958 2681 1094 2765; x_wconf 84' lang='lat' dir='ltr'>expletis</span> <span class='ocrx_word' id='word_1_202' title='bbox 1116 2683 1205 2747; x_wconf 82' lang='lat' dir='ltr'>votis</span> 
     </span>
    </p>
   </div>
   <div class='ocr_carea' id='block_1_3' title="bbox 185 2914 1206 3558">
    <p class='ocr_par' dir='ltr' id='par_1_4' title="bbox 185 2914 1206 3558">
     <span class='ocr_line' id='line_1_30' title="bbox 266 2914 1205 3008; baseline 0.003 -30"><span class='ocrx_word' id='word_1_203' title='bbox 266 2914 360 3008; x_wconf 55' lang='grc' dir='ltr'>ᾏῖᾗῖι</span> <span class='ocrx_word' id='word_1_204' title='bbox 383 2925 510 2979; x_wconf 81' lang='lat' dir='ltr'>Romano</span> <span class='ocrx_word' id='word_1_205' title='bbox 533 2923 652 2995; x_wconf 89' lang='lat' dir='ltr'>imperio</span> <span class='ocrx_word' id='word_1_206' title='bbox 675 2923 712 2976; x_wconf 82' lang='lat' dir='ltr'>F.</span> <span class='ocrx_word' id='word_1_207' title='bbox 736 2925 767 3005; x_wconf 73' lang='grc' dir='ltr'>ιἰι</span> <span class='ocrx_word' id='word_1_208' title='bbox 785 2924 815 2978; x_wconf 90' lang='lat' dir='ltr'><em>D</em></span> <span class='ocrx_word' id='word_1_209' title='bbox 828 2925 920 3005; x_wconf 34' lang='lat' dir='ltr'>,amba</span> <span class='ocrx_word' id='word_1_210' title='bbox 938 2927 1025 2981; x_wconf 82' lang='lat' dir='ltr'>deleto</span> <span class='ocrx_word' id='word_1_211' title='bbox 1041 2931 1114 2981; x_wconf 72' lang='lat' dir='ltr'>aaut.</span> <span class='ocrx_word' id='word_1_212' title='bbox 1148 2931 1205 2996; x_wconf 55' lang='grc' dir='ltr'>ᾖε</span> 
     </span>
     <span class='ocr_line' id='line_1_31' title="bbox 187 2997 1206 3066; baseline 0.001 -15"><span class='ocrx_word' id='word_1_213' title='bbox 187 2997 343 3066; x_wconf 77' lang='lat' dir='ltr'>quod1ps1s</span> <span class='ocrx_word' id='word_1_214' title='bbox 357 3013 414 3051; x_wconf 76' lang='lat' dir='ltr'>noa</span> <span class='ocrx_word' id='word_1_215' title='bbox 428 2997 670 3065; x_wconf 65' lang='lat' dir='ltr'>praeparassem,</span> <span class='ocrx_word' id='word_1_216' title='bbox 689 3011 723 3049; x_wconf 77' lang='lat' dir='ltr'>cc</span> <span class='ocrx_word' id='word_1_217' title='bbox 735 3011 854 3065; x_wconf 83' lang='lat' dir='ltr'>rmpeno</span> <span class='ocrx_word' id='word_1_218' title='bbox 869 3000 967 3065; x_wconf 72' lang='lat' dir='ltr'>mum,</span> <span class='ocrx_word' id='word_1_219' title='bbox 981 2998 1099 3052; x_wconf 74' lang='lat' dir='ltr'>azaram</span> <span class='ocrx_word' id='word_1_220' title='bbox 1113 3004 1206 3052; x_wconf 78' lang='lat' dir='ltr'>actem</span> 
     </span>
     <span class='ocr_line' id='line_1_32' title="bbox 187 3063 1205 3191; baseline -0.002 -69"><span class='ocrx_word' id='word_1_221' title='bbox 187 3068 403 3190; x_wconf 56' lang='lat' dir='ltr'>qpaodffisequitur</span> <span class='ocrx_word' id='word_1_222' title='bbox 424 3063 727 3191; x_wconf 51' lang='lat' dir='ltr'>copabufflimperio</span> <span class='ocrx_word' id='word_1_223' title='bbox 742 3066 893 3150; x_wconf 32' lang='lat' dir='ltr'>,deludam</span> <span class='ocrx_word' id='word_1_224' title='bbox 910 3068 1097 3151; x_wconf 71' lang='lat' dir='ltr'>essecomeci.</span> <span class='ocrx_word' id='word_1_225' title='bbox 1133 3066 1205 3122; x_wconf 83' lang='lat' dir='ltr'>Gon-</span> 
     </span>
     <span class='ocr_line' id='line_1_33' title="bbox 187 3137 1205 3276; baseline 0.002 -14"><span class='ocrx_word' id='word_1_226' title='bbox 187 3153 214 3275; x_wconf 77' lang='grc' dir='ltr'>ἓ)</span> <span class='ocrx_word' id='word_1_227' title='bbox 231 3139 411 3276; x_wconf 58' lang='grc' dir='ltr'>ξιιῖἒιὲἴὲἐ·</span> <span class='ocrx_word' id='word_1_228' title='bbox 426 3151 530 3264; x_wconf 57' lang='lat' dir='ltr'>eta</span> <span class='ocrx_word' id='word_1_229' title='bbox 547 3152 747 3262; x_wconf 61' lang='lat' dir='ltr'>etft‘t</span> <span class='ocrx_word' id='word_1_230' title='bbox 761 3151 951 3262; x_wconf 59' lang='lat' dir='ltr'>tatattt</span> <span class='ocrx_word' id='word_1_231' title='bbox 961 3139 1047 3262; x_wconf 73' lang='lat' dir='ltr'>ct</span> <span class='ocrx_word' id='word_1_232' title='bbox 1065 3137 1205 3264; x_wconf 55' lang='lat' dir='ltr'>“cst</span> 
     </span>
     <span class='ocr_line' id='line_1_34' title="bbox 186 3275 1205 3347; baseline 0.004 -17"><span class='ocrx_word' id='word_1_233' title='bbox 186 3279 245 3346; x_wconf 77' lang='lat' dir='ltr'>ipse</span> <span class='ocrx_word' id='word_1_234' title='bbox 258 3280 367 3333; x_wconf 76' lang='lat' dir='ltr'>conieci.</span> <span class='ocrx_word' id='word_1_235' title='bbox 460 3283 492 3331; x_wconf 78' lang='lat'>12</span> <span class='ocrx_word' id='word_1_236' title='bbox 507 3276 585 3344; x_wconf 76' lang='lat' dir='ltr'>tybia</span> <span class='ocrx_word' id='word_1_237' title='bbox 600 3277 639 3344; x_wconf 86' lang='lat' dir='ltr'>D,</span> <span class='ocrx_word' id='word_1_238' title='bbox 656 3277 751 3332; x_wconf 78' lang='lat' dir='ltr'>tiberis</span> <span class='ocrx_word' id='word_1_239' title='bbox 764 3276 802 3332; x_wconf 79' lang='lat' dir='ltr'>F.</span> <span class='ocrx_word' id='word_1_240' title='bbox 897 3283 929 3332; x_wconf 78' lang='grc'>13</span> <span class='ocrx_word' id='word_1_241' title='bbox 943 3275 1035 3347; x_wconf 87' lang='lat' dir='ltr'>ipsam</span> <span class='ocrx_word' id='word_1_242' title='bbox 1048 3276 1151 3332; x_wconf 89' lang='lat' dir='ltr'>fuisset</span> <span class='ocrx_word' id='word_1_243' title='bbox 1164 3281 1205 3346; x_wconf 88' lang='lat' dir='ltr'>D,</span> 
     </span>
     <span class='ocr_line' id='line_1_35' title="bbox 186 3345 1203 3419; baseline 0.004 -18"><span class='ocrx_word' id='word_1_244' title='bbox 186 3346 288 3402; x_wconf 82' lang='lat' dir='ltr'>fuisset</span> <span class='ocrx_word' id='word_1_245' title='bbox 305 3347 396 3419; x_wconf 87' lang='lat' dir='ltr'>ipsam</span> <span class='ocrx_word' id='word_1_246' title='bbox 414 3349 451 3402; x_wconf 83' lang='lat' dir='ltr'>F.</span> <span class='ocrx_word' id='word_1_247' title='bbox 551 3353 585 3402; x_wconf 78' lang='lat'>14</span> <span class='ocrx_word' id='word_1_248' title='bbox 602 3345 823 3418; x_wconf 89' lang='lat' dir='ltr'>pulcritudinem</span> <span class='ocrx_word' id='word_1_249' title='bbox 841 3347 877 3400; x_wconf 83' lang='lat' dir='ltr'>F.</span> <span class='ocrx_word' id='word_1_250' title='bbox 973 3355 1006 3403; x_wconf 81' lang='lat'>19</span> <span class='ocrx_word' id='word_1_251' title='bbox 1026 3346 1106 3402; x_wconf 89' lang='lat' dir='ltr'>sicud</span> <span class='ocrx_word' id='word_1_252' title='bbox 1125 3351 1203 3405; x_wconf 81' lang='lat' dir='ltr'>codd.</span> 
     </span>
     <span class='ocr_line' id='line_1_36' title="bbox 187 3415 1205 3488; baseline 0.002 -16"><span class='ocrx_word' id='word_1_253' title='bbox 187 3424 219 3474; x_wconf 81' lang='lat' dir='ltr'>ut</span> <span class='ocrx_word' id='word_1_254' title='bbox 235 3433 321 3488; x_wconf 79' lang='lat' dir='ltr'>caepe.</span> <span class='ocrx_word' id='word_1_255' title='bbox 413 3425 448 3473; x_wconf 77' lang='lat'>20</span> <span class='ocrx_word' id='word_1_256' title='bbox 466 3420 627 3487; x_wconf 73' lang='lat' dir='ltr'>poteramus</span> <span class='ocrx_word' id='word_1_257' title='bbox 646 3419 740 3484; x_wconf 66' lang='lat' dir='ltr'>codd„</span> <span class='ocrx_word' id='word_1_258' title='bbox 760 3415 915 3488; x_wconf 87' lang='lat' dir='ltr'>poterimus</span> <span class='ocrx_word' id='word_1_259' title='bbox 933 3420 1040 3488; x_wconf 77' lang='lat' dir='ltr'>empsi.</span> <span class='ocrx_word' id='word_1_260' title='bbox 1119 3425 1153 3472; x_wconf 77' lang='lat'>26</span> <span class='ocrx_word' id='word_1_261' title='bbox 1174 3422 1205 3474; x_wconf 89' lang='lat' dir='ltr'>et</span> 
     </span>
     <span class='ocr_line' id='line_1_37' title="bbox 185 3490 491 3558; baseline -0.007 -15"><span class='ocrx_word' id='word_1_262' title='bbox 185 3504 222 3543; x_wconf 91' lang='lat' dir='ltr'>ne</span> <span class='ocrx_word' id='word_1_263' title='bbox 241 3491 332 3558; x_wconf 75' lang='lat' dir='ltr'>codd,</span> <span class='ocrx_word' id='word_1_264' title='bbox 351 3490 380 3544; x_wconf 91' lang='lat' dir='ltr'>et</span> <span class='ocrx_word' id='word_1_265' title='bbox 398 3491 491 3545; x_wconf 79' lang='lat' dir='ltr'>delevi.</span> 
     </span>
    </p>
   </div>
   <div class='ocr_carea' id='block_1_4' title="bbox 0 0 1294 3942">
    <p class='ocr_par' dir='ltr' id='par_1_5' title="bbox 0 0 1294 3942">
     <span class='ocr_line' id='line_1_38' title="bbox 0 0 1294 3942; baseline 0 0"><span class='ocrx_word' id='word_1_266' title='bbox 0 0 1294 3942; x_wconf 95' lang='lat' dir='ltr'> </span> 
     </span>
    </p>
   </div>
  </div>
 </body>
</html>
