2576 3942
181 915 264 979 Post
290 913 475 998 passionem
503 915 626 980 domini
654 916 758 980 nostri
780 914 860 980 Jesu
883 914 1005 981 Christi
1027 916 1147 982 eius-l

91 1025 153 1088 que
173 1003 354 1088 gloriosam
371 1004 641 1068 resurrectionem
656 1026 676 1068 a
689 1005 826 1068 mortuis
841 1007 874 1068 et
887 1005 1108 1069 ascensionem

89 1093 126 1156 in
154 1092 282 1156 caelum
311 1092 507 1156 sanctissimi
530 1092 684 1175 apostoli,
712 1114 874 1175 quosquos
896 1093 984 1157 idem
1007 1093 1108 1158 domi-

89 1203 151 1244 nus
180 1183 295 1244 noster
321 1178 416 1244 Jesus
445 1177 595 1244 Christus
624 1201 684 1262 prc
707 1181 906 1246 incremento
929 1181 1004 1246 fidei
1026 1182 1109 1246 chri-

91 1270 219 1333 stianae
239 1269 273 1332 in
292 1268 354 1332 hoc
372 1269 492 1332 mundo
506 1269 691 1352 reliquerat,
710 1276 843 1352 accepta
857 1269 990 1353 spiritus
1006 1271 1107 1335 sanct'

92 1357 201 1442 gratia
220 1355 357 1422 eandem
376 1357 472 1420 fidem
491 1358 624 1439 eiusque
644 1377 770 1421 sacram
788 1357 1022 1440 professionem
1041 1359 1108 1422 suis

90 1467 150 1530 per
172 1446 364 1510 universum
387 1444 498 1509 orbem
517 1445 745 1527 plantaverant
763 1446 916 1510 doctrinis
938 1449 971 1510 et
990 1446 1109 1530 glorio-

92 1535 137 1598 sis
161 1534 383 1616 irrigaverunt
406 1533 531 1596 meritis
556 1536 588 1597 et
612 1533 778 1617 exemplis.
815 1532 939 1608 Quibus
962 1534 1109 1598 invidens

91 1623 149 1686 ille
179 1621 334 1706 antiquus
362 1620 467 1685 hostis
497 1621 658 1687 bonorum
689 1622 833 1686 omnium
862 1622 1014 1687 inimicus
1045 1622 1110 1686 dia·

92 1710 190 1774 bolus
219 1731 313 1794 reges
341 1712 374 1773 et
400 1709 564 1792 principes
595 1731 632 1774 ac
659 1711 827 1774 universos
860 1710 956 1776 huius
989 1710 1110 1774 sacculi

91 1798 261 1882 praesides
285 1799 438 1863 adversus
460 1797 590 1862 eosdem
613 1795 737 1862 (lhristi
755 1799 922 1881 apostolos
942 1799 1111 1863 suscitavit

93 1891 125 1952 et
144 1887 186 1950 ad
205 1908 319 1951 eorum
342 1887 601 1969 persecutionem
626 1884 761 1950 diversis
781 1907 857 1950 suae
881 1885 1031 1952 fallaciae
1049 1887 1111 1952 viis

94 1980 128 2038 ct
151 1975 258 2039 modis
284 1974 436 2039 incitavit
459 1996 496 2038 ac
523 1975 655 2038 tandem
683 1974 840 2058 quosdam
863 1997 902 2038 ex
931 1975 978 2040 eis
1007 1976 1111 2042 crucis

94 2063 245 2146 patibulo
282 2063 374 2147 affigi
406 2063 562 2146 quosdam
594 2083 669 2126 vero
709 2063 817 2146 gladio
854 2063 999 2146 aliosque
1036 2064 1110 2128 aliis

72 2152 298 2216 tdiversorum
325 2155 563 2216 tormentorum
586 2150 754 2233 suppliciis
784 2150 935 2214 interemi
959 2171 1112 2233 procura-

94 2241 151 2305 vit.
189 2239 282 2304 Inter
304 2261 384 2322 quos
409 2239 545 2322 gloriosi
569 2238 651 2302 caeli
670 2243 703 2301 et
721 2241 827 2302 terrae
851 2237 1012 2321 principes
1037 2239 1112 2302 bea·

95 2328 218 2392 tissimi
245 2328 397 2392 videlicet
418 2326 534 2391 Petrus
563 2331 596 2389 et
618 2325 740 2390 Paulus
772 2327 913 2410 apostoli
938 2326 1112 2392 orthodoxi

95 2421 128 2480 et
153 2416 335 2480 catholicae
358 2415 434 2479 fidei
456 2414 644 2479 fundatores
667 2415 783 2480 urbem
801 2413 939 2479 Romam
959 2437 1017 2480 suo
1041 2437 1112 2498 pre·

93 2507 181 2570 tioso
203 2505 362 2588 sanguine
386 2507 419 2566 et
438 2503 594 2587 martyrio
618 2524 677 2586 pro
697 2503 839 2567 eiusdem
862 2503 985 2567 domini
1007 2504 1113 2569 nostri

62 2591 176 2657 stesu
201 2591 325 2657 Christi
354 2591 416 2655 fide
444 2595 476 2656 et
499 2590 701 2656 confessione
727 2596 956 2656 consecrarunt
979 2614 1016 2657 ac
1040 2614 1113 2656 ean-

95 2682 169 2746 dem
188 2703 257 2746 non
277 2682 382 2745 solum
406 2679 608 2762 imperialem
626 2679 741 2744 urbem
759 2679 815 2743 scd
835 2683 868 2742 et
887 2680 990 2745 totius
1015 2682 1113 2746 eccle·

96 2771 164 2834 siae
189 2791 228 2836 ac
250 2769 393 2834 eiusdem
416 2768 490 2832 fidei
510 2767 704 2832 christianae
723 2771 821 2850 caput
839 2789 875 2832 ac
893 2768 1114 2833 universalem

96 2859 209 2923 sedem
236 2857 307 2922 fieri
337 2879 374 2922 ac
402 2856 438 2921 in
470 2860 636 2920 aeternum
664 2877 795 2920 manare
826 2859 859 2920 et
888 2877 958 2920 esse
988 2856 1114 2921 dedica-

95 2949 223 3011 verunt.

96 3071 313 3082 ψ

171 3145 185 3192 1
212 3137 355 3206 Cupitum,
377 3154 446 3206 qaae
468 3137 500 3192 ia
522 3099 660 3190 codicibus
679 3151 795 3204 prorsas
813 3151 869 3190 aoa
894 3135 1113 3203 diatiapaoatar,

96 3225 225 3264 camerac
254 3209 313 3278 ipsc
335 3209 441 3262 addidi.
555 3213 569 3262 ‘1
593 3205 772 3274 plantaverat
799 3207 889 3272 codd,
916 3204 1115 3275 plantaverant

96 3280 207 3348 scripsi.
278 3287 294 3334 8
308 3277 468 3348 irrigaverit
482 3279 569 3344 codd,
588 3275 775 3346 irrigaverant
792 3278 899 3345 scripsi.
973 3283 1004 3331 rt
1020 3275 1114 3330 ortho-

98 3367 167 3421 doxi
195 3368 237 3432 D,
263 3366 393 3422 ortodoxi
415 3367 452 3422 F.
557 3371 589 3418 19
616 3363 752 3434 sanguine
779 3366 876 3420 deleuit
898 3365 940 3430 D„
965 3351 1062 3434 sagma
1077 3363 1114 3416 F.

98 3443 134 3492 22
159 3439 264 3507 capud,
287 3455 344 3494 aco
362 3440 447 3506 caput
471 3443 503 3492 at
525 3438 574 3491 hoc
597 3437 653 3491 loco
671 3438 711 3492 sic
731 3437 824 3492 ceteris
842 3437 874 3490 io
892 3436 1030 3492 codicibus
1048 3435 1115 3490 scri·

99 3509 191 3573 titur;
209 3511 282 3565 loeus
300 3510 332 3564 ia
349 3509 379 3562 D
397 3509 499 3564 deletae
516 3513 562 3563 est.

86 3629 88 3632 ·
154 3608 241 3648 Incerti
254 3609 355 3649 auctoris
370 3607 397 3648 da
412 3606 562 3648 Constantino
577 3616 665 3656 magno.
939 3601 953 3648 1
