2576 3942
514 205 712 268 ,7,

103 363 354 446 praemiserunt.
384 362 568 447 Imperator
587 366 697 428 autem
717 363 884 430 intellecto
903 365 1050 448 ipsorum
1068 366 1123 430 ed·

103 454 205 516 ventu
228 472 283 516 eos
306 451 483 517 honorifice
505 453 630 536 reoepit
652 455 685 517 et
708 456 885 518 convocata
904 454 1066 519 nobilium
1089 457 1122 519 et

103 542 297 622 magnetum
320 540 371 604 sui
394 539 523 623 imperii
546 540 755 605 multitudiue
775 540 822 605 eis
845 541 994 608 convivia
1017 547 1050 607 et
1073 565 1123 608 eo·

103 628 191 692 lucia
217 627 347 692 infinita
373 628 560 712 praeparari
588 628 755 694 mandavit
778 633 812 694 et
837 629 924 695 feeit.
967 627 1123 716 Sequenti

76 732 183 780 ⁵ver0
202 716 255 780 die
277 716 372 800 impii
390 720 587 782 mercatores
606 717 813 801 imperatoris
831 718 1050 801 praesentiam
1071 741 1123 784 eo·

105 803 254 869 sedentes
285 803 349 869 sibi
378 805 550 870 oonfietam
584 805 746 872 melitium
779 827 872 870 suam
904 811 1122 890 exposuerunt

104 892 263 957 dieentes:
296 891 335 958 ‘0
363 892 555 978 imperator,
586 892 736 960 dominus
763 897 874 960 noster
900 895 1122 960 Romanorum

103 981 283 1063 imperator
314 981 436 1046 nostris
468 981 642 1065 praecipue
675 986 709 1047 et
740 983 879 1048 aliorum
910 983 1041 1067 imperii
1067 983 1122 1048 'sui

104 1069 265 1152 fidelium,
293 1069 350 1153 qui
374 1089 489 1153 paoem
516 1070 658 1155 diligrmt
686 1092 723 1135 ue
752 1074 874 1135 terram
897 1075 931 1136 et
952 1071 1122 1137 hominum

65 1173 91 1211 1⁰
106 1158 276 1222 commoda
296 1162 547 1242 prosequuntur,
565 1159 709 1224 consiliis
727 1159 857 1224 illectus
877 1163 909 1224 et
923 1159 1028 1224 victus
1042 1160 1121 1224 finu-

104 1246 182 1311 liter
199 1246 313 1310 multis
336 1246 488 1329 precibus
506 1246 676 1312 nobiseum
698 1267 813 1331 paoem
835 1247 941 1314 faeere
963 1248 1121 1332 cogitavit

104 1338 138 1398 et
160 1337 199 1398 ut
221 1337 378 1418 perpetuo
402 1335 520 1400 robore
544 1334 699 1399 solidetur
721 1335 825 1400 filium
848 1357 942 1400 suum
961 1334 1120 1400 Constan-

103 1423 210 1486 tinum
236 1422 325 1487 filiae
352 1427 479 1488 vestrae
501 1423 617 1487 unicae
644 1423 679 1486 in
701 1423 946 1488 matrimonium
969 1424 1121 1508 copulare

104 1511 268 1594 disposuit
286 1514 319 1574 et
336 1515 373 1576 ut
395 1511 460 1594 ipsi
482 1510 604 1594 puriter
624 1511 732 1594 vobis,
755 1531 828 1577 oum
846 1511 997 1576 heredem
1020 1511 1121 1576 alium

64 1615 89 1655 1⁵
102 1620 171 1663 non
201 1597 366 1683 habeatis,
397 1599 432 1662 in
459 1597 656 1664 Graecorum
683 1602 717 1664 et
743 1600 808 1664 sibi
834 1600 870 1664 in
898 1599 1120 1664 Romanorum

103 1687 252 1770 imperiis
267 1687 436 1752 succedere
454 1689 580 1770 possint
598 1691 827 1771 postmortem
842 1692 984 1754 vestram
997 1694 1120 1753 restro-

103 1796 241 1858 rumque
264 1776 390 1859 etipse
414 1773 647 1842 Constantinus
671 1797 744 1840 eum
768 1776 904 1860 coniuge
930 1799 989 1841 sua
1011 1779 1121 1842 vestra

103 1863 175 1927 filia
202 1863 371 1948 utriusque
398 1863 529 1948 imperii
555 1863 731 1929 monarcha
757 1865 818 1930 fiat
844 1867 877 1929 et
904 1864 969 1929 toti
992 1865 1119 1930 saeoulo

104 1949 310 2016 dominetur’.

63 2057 89 2098 n
194 2039 375 2126 Imperator
388 2062 466 2105 vero
485 2041 525 2106 de
544 2062 581 2105 re
598 2043 666 2104 tam
684 2041 801 2126 grandi
815 2033 1018 2124 stupefactus
1034 2041 1120 2106 inter
1132 2038 1174 2102 10

104 2151 139 2194 se
162 2129 307 2213 cogitare
329 2129 437 2212 eoepit
463 2128 603 2213 qualiter
625 2128 666 2192 ed
693 2129 878 2193 huiusmodi
900 2128 1119 2210 responderet.

104 2215 251 2282 Tandem
275 2217 460 2283 oonvooatis
487 2217 688 2300 principibus
712 2217 780 2281 suis
803 2220 836 2280 et
858 2215 1023 2280 nobilibus
1047 2237 1120 2281 oum

104 2306 151 2370 eis
175 2327 272 2388 super
294 2303 346 2370 his
370 2304 588 2370 ministerium
616 2303 745 2369 consilii
768 2305 819 2369 sui
845 2303 962 2370 habuit
984 2307 1017 2368 et
1039 2303 1119 2369 fina-

104 2394 181 2458 liter
204 2393 395 2458 deliberatio
414 2393 559 2458 omnium
581 2392 618 2456 in
639 2393 702 2457 hoo
720 2392 841 2458 resedit
861 2393 948 2477 quod
970 2392 1040 2476 ipse
1059 2393 1119 2457 im-

62 2499 89 2540 re
103 2485 236 2566 perator
259 2481 457 2546 Graecorum
480 2480 615 2546 attentis
636 2485 812 2564 perpetuae
832 2481 922 2564 pacis
941 2481 1119 2546 commodis

103 2573 256 2653 prompte
278 2569 400 2636 fuceret
422 2569 508 2654 quod
531 2569 596 2634 sibi
618 2568 698 2634 adeo
717 2569 896 2636 liberaliter
915 2569 1120 2635 offerebatur.

102 2658 167 2724 His
189 2659 331 2742 peractis
353 2659 532 2741 imperator
554 2656 680 2722 voeatis
699 2657 740 2721 ad
760 2678 794 2722 se
816 2656 911 2722 dietis
931 2657 1120 2723 mereatori-

103 2747 165 2810 bus
189 2745 272 2810 dixit
295 2747 355 2811 eis:
384 2745 515 2811 ‘Omnia
538 2767 619 2829 quae
641 2745 821 2830 imperator
843 2745 1009 2810 Romanus
1033 2745 1118 2830 eogi-

103 2835 187 2900 tavit
214 2835 344 2918 explere
370 2835 462 2898 iuxta
488 2833 681 2898 relationem
708 2837 853 2898 vestram
874 2833 984 2916 parati
1007 2855 1143 2898 sumus-

62 2940 90 2980 20
104 2926 138 2988 et
164 2922 206 2987 ad
232 2926 423 3006 perpetuam
450 2943 563 3007 paoem
587 2942 696 2986 seeum
725 2921 908 2986 faciendam
931 2923 964 2984 et
987 2943 1118 2986 servan-

103 3012 180 3076 dam
202 3009 305 3075 filiam
322 3014 469 3076 nostram
492 3011 620 3074 unicam
642 3009 711 3073 filio
736 3031 793 3074 suo
813 3006 1029 3074 Constantino
1053 3031 1119 3072 ma-

102 3099 335 3164 trimonialiter
353 3099 505 3183 copulare
523 3099 673 3164 volumus
698 3097 739 3163 ad
762 3117 890 3162 omnem
913 3097 1063 3162 effectum
1082 3101 1119 3161 ut

176 3324 373 3408 4lpraeparari
386 3339 436 3380 om.
451 3323 487 3379 F.
560 3331 593 3379 21
610 3324 646 3378 ad
661 3323 825 3378 huiusmodi
842 3325 912 3408 idua
929 3324 1068 3406 eipaifieut
1086 3339 1120 3378 oo

103 3395 401 3523 {egelbgruoenmgsshwreffi
424 3395 737 3522 ηοοῖαδὸιῖιῑὲἒηοξὲἓηοη
759 3397 824 3451 haee
841 3411 905 3464 epau
922 3395 1004 3451 verba
1021 3411 1053 3449 ιη
1070 3395 1120 3449 boa
