2576 3942
512 225 728 290 ..13-

110 382 354 466 solitudinibus,
374 405 471 468 quarn
489 383 712 448 intermediam
734 383 872 448 scientes
896 381 936 446 ad
959 381 1122 466 perficien-

109 472 186 536 dam
214 493 291 536 suae
318 472 502 538 traditionis
530 471 699 555 perfidiam
725 471 984 555 praeelegerant,
1010 469 1124 555 rapido

109 565 211 625 ventu
233 561 370 643 provehi
393 563 578 646 coegerunt.
624 557 767 642 Cumque
791 560 832 624 ad
854 559 962 643 ipsam
983 559 1123 623 insulam

110 653 308 715 mercatores
335 650 492 733 praedicti
525 671 598 714 cum
631 650 698 714 suis
727 649 866 715 navibus
894 648 1126 732 pervenissent,

81 756 95 795 ⁵
112 739 256 823 alligatis
270 739 408 804 navibus
424 760 458 804 se
476 742 669 804 nocturnam
683 739 828 822 requiem
846 737 965 802 ibidem
983 737 1125 820 recipere

111 827 195 893 velle
220 828 446 892 confinxerunt
468 830 501 891 et
523 830 675 892 exeuntes
700 827 739 892 de
760 827 898 892 navibus
921 826 1044 890 cibaria
1067 847 1126 890 sua

111 937 172 999 pro
201 936 281 981 cena
309 917 343 980 in
371 917 477 1001 ipsam
505 915 643 982 insulam
667 937 860 1000 praeparare
883 914 1036 979 iecerunt.
1081 913 1126 980 Et

112 1026 194 1070 cena
230 1005 318 1070 facta
355 1006 523 1089 noctisque
555 1005 698 1070 tenebris
731 1006 810 1070 lucis
843 1004 907 1070 diei
944 1003 1125 1068 cleritatem

112 1093 384 1158 obumbrantibus
417 1096 610 1160 mercatores
642 1094 777 1178 pessimi
808 1092 1020 1159 nobilissimis
1050 1113 1125 1157 con·

70 1201 97 1240 ιο
112 1183 245 1267 iugibus
267 1184 444 1248 tentorium
471 1182 593 1268 fingere
622 1187 655 1246 et
681 1183 717 1247 in
741 1202 778 1247 eo
800 1183 981 1247 thalamum
1004 1181 1125 1265 in-quo

111 1272 218 1336 noctis
247 1272 392 1356 requiem
422 1293 577 1356 peragere
607 1272 762 1337 deberent
790 1271 861 1335 fieri
890 1270 1004 1335 callide
1033 1292 1125 1334 man·

111 1361 279 1425 daverunt.

201 1447 303 1514 Facta
322 1452 430 1514 autem
448 1452 544 1514 nocte
563 1449 642 1514 dicti
660 1449 814 1532 coniuges
831 1469 865 1512 se
884 1448 925 1512 ad
943 1447 1124 1512 thalamum
1135 1448 1178 1511 20

111 1539 218 1621 ipsum
249 1539 289 1602 iis
318 1560 385 1603 non
417 1538 459 1602 ad
488 1539 633 1621 requiem
664 1538 721 1602 sed
751 1537 792 1602 ad
821 1536 1013 1621 perditionis
1047 1558 1125 1601 suae

69 1643 96 1682 1⁵
112 1627 233 1691 dudum
266 1627 513 1711 praeordinatae
545 1627 713 1692 interitum
741 1630 891 1710 paratum
923 1626 1125 1690 intraverunt

111 1720 145 1780 et
172 1715 207 1780 in
235 1716 307 1799 ipso
336 1715 441 1780 omnis
468 1715 593 1781 fraudis
622 1720 655 1780 et
683 1716 847 1800 nequitiae
871 1737 953 1799 quac
981 1713 1124 1797 deipsis

111 1805 315 1870 tractabatur
341 1805 436 1869 inscii
463 1807 570 1869 totam
594 1808 723 1870 noctem
750 1805 786 1868 in
810 1805 939 1868 solaciis
963 1803 1069 1867 solitis
1092 1807 1126 1866 et

110 1893 221 1977 requie
239 1892 470 1978 expenderunt.
505 1891 634 1958 Aurora
653 1893 762 1958 aute'm
781 1897 889 1958 ortum
907 1892 970 1956 diei
990 1913 1124 1976 sequen-

110 1984 156 2046 tis
179 1982 344 2047 indicante
367 1985 561 2046 mercatores
584 1982 741 2067 praedicti
759 1985 880 2047 secrete
900 1985 1068 2066 surgentes
1092 1984 1125 2045 et

71 2088 98 2127 20
112 2071 294 2155 cogitatum
318 2093 411 2135 suum
434 2071 614 2156 malignum
642 2070 684 2135 ad
710 2071 858 2136 effectum
880 2070 1052 2154 perducere
1075 2092 1124 2134 sa-

111 2162 263 2244 tagentes
286 2181 387 2224 naves
410 2159 569 2224 intrantes
591 2159 733 2224 dimissis
756 2163 832 2243 post
854 2180 889 2224 se
912 2159 1124 2222 nobilissimis

111 2249 305 2335 coniugibus
336 2248 439 2313 adhue
469 2269 585 2332 sopore
614 2248 774 2332 depressis
804 2246 921 2312 abinde
950 2247 1064 2312 furtim
1092 2250 1125 2311 et

111 2339 260 2403 celeriter
288 2337 441 2421 navigare
465 2340 640 2420 coeperunt
661 2337 790 2402 familia
817 2337 1014 2420 interempta
1037 2335 1123 2420 cogi·

110 2430 221 2492 tentes
252 2427 298 2490 sio
328 2427 426 2490 etiam
454 2426 644 2491 innocentes
677 2425 810 2509 perdere
846 2426 1013 2511 coniuges,
1044 2446 1123 2508 quos

71 2533 96 2571 2⁵
112 2515 192 2580 deus
214 2514 500 2598 praeordinaverat
523 2515 564 2579 ad
588 2514 797 2580 obtinendum
817 2518 851 2578 et
868 2514 1043 2599 regendum
1064 2534 1123 2597 pro

109 2605 223 2670 futura
254 2604 405 2670 ecelesiae
438 2625 576 2687 sponsae
609 2625 685 2668 suae
718 2604 822 2668 salute
857 2603 960 2668 totius
996 2602 1124 2686 imperii

109 2693 337 2780 principatum.

200 2781 296 2846 Mane
319 2785 427 2846 autem
445 2782 533 2847 facto
553 2781 707 2867 coniuges
725 2781 789 2864 ipsi
807 2781 998 2864 evigilantes
1017 2779 1124 2863 coepit
1134 2779 1174 2842 21

112 2893 233 2957 sponsa
251 2871 356 2936 dicere
375 2892 494 2954 sponso
515 2892 588 2936 suo:
609 2869 790 2955 ‘surgamus
808 2892 848 2935 ne
868 2869 896 2932 si
913 2868 998 2932 forte
1013 2889 1123 2951 super-

71 2976 98 3016 ³0
111 2961 246 3027 veniant
272 2963 467 3024 mercatores
495 2959 645 3044 magistri
672 2959 777 3023 nostri
806 2961 838 3022 et
864 2957 1033 3022 inveniant
1061 2978 1122 3021 nos

111 3042 226 3133 nudos,
246 3059 291 3113 ex‘
304 3071 367 3134 quo
386 3049 611 3114 verecundiam
630 3048 820 3130 recipiemus
840 3067 921 3130 quae
934 3068 1007 3110 non
1025 3044 1123 3110 licet'.

111 3138 163 3203 Ad
182 3159 264 3223 quae
279 3135 513 3203 Constantinus
533 3137 729 3220 respondens
750 3137 811 3201 ait:
832 3135 1043 3200 ‘Permittetis
1062 3155 1123 3200 nos

44 3239 53 3247 ’“
112 3229 289 3311 quiescere;
316 3227 381 3310 ipsi
403 3227 490 3292 enim
512 3247 570 3311 per
594 3225 750 3290 familiam
774 3226 962 3309 deputatam
985 3245 1044 3288 nos
1069 3247 1122 3289 sx-

161 3446 216 3564 113
241 3438 375 3562 dpberent
396 3438 508 3506 scripsi,
532 3437 685 3491 debuerant
706 3437 783 3492 codd.
883 3439 917 3490 26
942 3433 1060 3489 ecclesie
1084 3433 1122 3498 D,

113 3526 161 3566 ecc
173 3526 232 3564 es1a
281 3553 288 3566 .
