2576 3942
550 184 746 247 -8-

143 339 295 424 petistis’.
322 339 439 405 Altera
453 345 561 406 autem
575 341 626 405 die
641 341 807 406 universos
823 340 873 404 sui
886 340 1016 423 imperii
1029 341 1160 406 nobiles

145 432 177 493 et
189 430 347 512 primatos
362 430 538 514 imperator
551 451 610 513 per
622 430 756 494 nuntios
771 451 846 495 suos
861 433 893 492 et
907 429 1036 494 litteras
1051 429 1162 494 vocari

143 517 222 582 fecit
245 517 285 582 ad
308 521 431 582 certam
455 521 612 582 statutam
639 517 725 582 diem
747 518 789 583 ad
807 517 968 602 agendum
988 517 1161 582 sollemnia
1270 513 1274 574 l

144 606 340 689 nuptiarum.

96 690 136 753 11
237 693 300 758 Die
318 716 396 758 vero
416 697 540 760 statuta
558 695 747 760 adveniente
765 716 803 759 ac
818 694 977 758 universis
995 694 1196 760 nobilibus⁵
1271 706 1274 724 ‘¹

146 787 184 846 ut
220 782 440 867 praemittitur
479 783 685 867 congregatis
717 783 895 867 imperator
929 783 1034 846 filiam
1071 804 1165 846 suam

146 871 274 936 unicam
303 871 450 954 praefato
475 870 689 936 Constantino
717 871 751 935 in
777 871 860 936 facie
884 871 1028 936 omnium
1049 871 1165 934 matri-

148 958 335 1024 monialiter
363 963 397 1024 et
423 959 624 1024 sollemniter
652 960 818 1044 copulavit
840 964 887 1042 et,
916 962 954 1022 ut
980 957 1081 1024 moris
1106 964 1166 1043 est,

145 1047 251 1131 regali
270 1047 416 1112 thalamo
439 1051 635 1131 praeparato
654 1070 726 1114 eam
746 1048 810 1112 sibi
828 1047 974 1112 maritali
993 1047 1165 1112 affectione

146 1135 227 1200 inihi
256 1135 519 1218 pertractandam
552 1136 696 1200 sociavit.
746 1134 979 1201 Constantinus
1011 1157 1091 1201 vero
1125 1136 1165 1200 de
1182 1157 1213 1196 rc

146 1224 208 1287 tali
232 1225 368 1308 coniuge
393 1228 425 1288 et
444 1224 533 1288 socia
555 1224 638 1288 bene
657 1227 829 1289 contentus
853 1245 925 1288 eam
949 1246 1022 1288 cum
1045 1223 1166 1308 gaudio

149 1312 326 1394 suscipiens
346 1311 465 1376 osculis
485 1316 518 1376 et
541 1312 743 1395 amplexibus
763 1334 800 1377 ac
818 1313 948 1395 ceteris,
972 1334 1054 1396 quac
1078 1313 1166 1377 inter

147 1400 230 1464 tales
250 1399 403 1484 coniuges
422 1399 554 1465 iuvenes
568 1405 602 1465 et
619 1401 740 1465 hilares
760 1401 901 1466 exerceri
917 1405 1164 1482 consuevenmt,

146 1488 229 1553 ludis
257 1491 290 1553 et
319 1487 448 1554 solaciis
475 1511 541 1555 non
575 1493 702 1554 tantum
734 1489 791 1553 illa
818 1489 876 1554 sed
906 1489 1019 1552 multis
1046 1493 1165 1571 postea

145 1577 294 1641 noctibus
326 1580 495 1659 tamquam
526 1597 660 1641 uxorem
693 1577 908 1642 amicabiliter
938 1578 1164 1660 pertractavit
1179 1595 1209 1635 15

145 1663 241 1730 Mane
265 1667 374 1729 autem
400 1665 488 1728 facto
514 1686 670 1730 naccum
697 1666 791 1748 plene
820 1686 936 1730 aurora
966 1670 1076 1730 ortum
1099 1665 1166 1729 diei

146 1753 360 1836 patefaceret,
387 1752 566 1836 imperator
594 1753 764 1819 associatis
792 1753 855 1817 sibi
888 1753 1005 1836 puellis
1033 1754 1067 1816 et
1095 1775 1165 1816 ma-

145 1841 248 1905 tronis
269 1842 382 1906 multis
403 1846 437 1905 et
454 1841 621 1906 nobilibus
646 1863 800 1924 sponsum
821 1841 930 1923 ipsum
953 1846 986 1904 et
1009 1861 1165 1924 sponsam

147 1949 219 1992 cum
248 1929 393 2012 cytharis
423 1931 456 1992 et
483 1930 614 2012 organis
643 1935 676 1992 et
704 1929 904 1992 diversorum
934 1949 1089 2012 generum
1115 1929 1165 1992 in·

147 2017 335 2082 strumentis
370 2017 581 2082 musicalibus
611 2020 644 2080 et
673 2036 793 2100 magno
822 2017 965 2100 tripudio
995 2021 1032 2081 ut
1062 2019 1165 2082 moris
1180 2037 1209 2077 so

147 2109 198 2170 est
224 2105 361 2170 visitans
390 2105 428 2170 de
456 2104 602 2170 thalamo
636 2104 756 2170 eduxit.
800 2103 850 2169 Ac
880 2105 1062 2189 imperator
1091 2105 1164 2188 ipse

145 2215 211 2258 una
230 2216 302 2258 cum
321 2193 526 2278 imperatrice
547 2198 580 2258 ct
599 2192 757 2258 universis
776 2193 977 2277 principibus
994 2194 1165 2258 nobilibus

148 2281 215 2346 suis
239 2288 272 2345 et
295 2281 455 2344 militibus
480 2281 660 2358 observatis
685 2281 888 2347 caerimoniis
912 2282 1075 2346 consuetis
1100 2283 1165 2346 scl-

146 2369 352 2434 lemnitatem
370 2369 558 2452 nuptiarum
576 2369 611 2432 in
634 2370 789 2434 conviviis
815 2374 848 2433 et
870 2370 1165 2434 comessationibus

145 2456 298 2540 tripudiis
327 2459 360 2521 et
385 2455 571 2522 hastiludiis
599 2460 633 2520 et
664 2457 738 2522 aliis
765 2457 851 2522 ludis
882 2462 915 2521 et
946 2458 1076 2522 solaciis
1105 2458 1166 2522 im·
1180 2476 1209 2517 as

146 2545 302 2628 periclem
329 2544 534 2610 maiestatem
563 2544 811 2609 condecentibus
842 2549 946 2610 totam
974 2546 1059 2610 diem
1090 2568 1166 2610 cum

147 2632 391 2697 continuatione
410 2633 624 2715 plurimorum
639 2634 842 2716 sequentium
857 2634 982 2699 dierum
1002 2634 1165 2699 deducens

149 2721 351 2787 sollemniter
368 2721 544 2786 honorifice
563 2724 596 2786 et
614 2722 821 2788 celeberrime
839 2723 953 2806 peragi
969 2724 1167 2805 procuravit.

95 2805 137 2868 12
235 2807 316 2874 Post
334 2809 414 2874 haec
437 2810 578 2893 peractis
602 2809 727 2874 duobus
746 2810 799 2874 vel
821 2810 926 2874 tribus
945 2811 1111 2874 mensibus
1131 2815 1166 2875 et

146 2898 181 2962 in
200 2898 328 2962 solaciis
352 2899 605 2981 congruentibus
625 2897 771 2962 deductis
790 2901 986 2962 mercatores
1005 2899 1164 2981 praedicti
1179 2918 1207 2957 ao

216 3095 302 3157 aper
323 3087 457 3142 nunccios
481 3103 545 3142 suos
570 3088 600 3141 et
621 3085 732 3141 litteras
756 3087 801 3154 D,
825 3104 877 3158 per
896 3105 960 3143 suos
979 3087 1113 3142 nunccios
1134 3090 1165 3142 et

144 3158 254 3212 litteras
270 3157 305 3214 F.
371 3158 470 3212 3fecit
482 3159 521 3225 D,
536 3158 613 3226 cepit
622 3157 658 3212 F.
722 3155 890 3227 sollempnia
901 3159 940 3226 D,
955 3157 1113 3226 solempnia
1125 3159 1161 3213 F.

145 3235 161 3283 8
181 3227 376 3297 sollempniter
389 3231 465 3284 codd.
541 3235 572 3282 13
591 3228 707 3282 iuvenes
723 3229 753 3282 et
765 3230 810 3295 D,
829 3230 859 3283 et
874 3246 924 3284 om.
940 3231 975 3285 F.
1048 3227 1162 3296 hylares

144 3301 221 3355 codd.
313 3304 345 3353 16
370 3299 436 3352 dum
454 3300 544 3366 codd,
568 3316 631 3352 cum
655 3301 765 3355 conieci.
856 3305 890 3354 23
919 3299 1161 3367 sollempnitatem

143 3367 310 3438 nupciarum
331 3370 408 3424 codd.
480 3375 514 3424 27
539 3369 718 3436 sequencium
742 3371 819 3425 codd.
897 3369 1037 3424 deducens
1060 3372 1162 3440 scripsi

142 3457 195 3510 pro
214 3441 336 3495 codicum
353 3443 492 3508 scriptura
510 3439 688 3494 deducentes.
761 3446 795 3495 28
815 3438 1010 3510 sollempniter
1027 3441 1104 3496 codd.
