2576 3942
511 183 729 248 „21-

111 341 270 406 exercitia
300 343 498 425 permaxime
534 341 724 428 agebantur.
778 340 1013 409 Constantinus
1049 366 1126 410 vero

109 451 187 496 oum
211 430 286 494 aliis
309 435 342 495 et
364 431 448 496 inter
471 431 554 496 alios
577 429 779 496 hastiludens
807 432 988 515 praevaluit
1011 433 1126 497 esteris

109 519 265 584 omnibus
292 519 355 584 hoe
381 518 456 585 ludo
484 520 532 584 ita
559 522 598 583 ut
624 519 745 584 multos
778 540 887 584 seeum
918 519 1065 585 ludentes
1094 525 1127 585 et

109 608 182 672 fere
210 627 321 672 omnes
348 607 460 674 ludum
488 609 595 691 ipsum
622 629 728 673 seeum
761 608 802 672 ad
833 607 965 692 aliquod
996 611 1127 693 tempus

79 714 94 755 s
112 695 342 761 continuantes
356 695 397 761 ad
415 699 536 761 terram
554 698 774 779 prosterneret
788 699 821 760 et
840 697 1009 780 quodiam
1028 718 1128 780 quare

111 806 181 850 non
202 784 427 850 inveniebatur
446 785 564 868 aliquis
583 785 638 868 qui
657 806 765 850 seeum
787 785 897 848 ludere
917 807 1013 850 ausus
1033 788 1128 869 esset,

112 876 147 937 et
170 872 205 936 in
232 874 359 938 tantum
382 872 471 938 ultra
494 893 606 938 omnes
629 873 797 957 praefecit,
821 873 868 938 ita
890 877 928 938 ut
950 873 1129 957 imperator

112 983 188 1026 oum
214 963 286 1026 toto
311 962 426 1025 senatu
453 983 490 1026 ao
516 961 678 1026 universis
702 962 768 1026 suis
795 962 937 1028 tribunis
961 966 994 1026 et
1017 961 1129 1026 militi-

111 1050 175 1114 bus
199 1048 238 1112 de
262 1049 330 1114 eins
355 1049 548 1114 strenuitate
567 1050 769 1115 mirarentur.
803 1049 881 1114 Istis
900 1051 1010 1134 itaque
1028 1049 1130 1115 hasti·

66 1157 94 1196 ιο
112 1137 213 1202 ludiis
238 1140 272 1201 et
293 1138 527 1202 torneamentis
551 1137 591 1202 ad
620 1137 745 1222 aliquos
774 1137 842 1202 dies
866 1139 1063 1204 continuatis
1092 1159 1130 1204 ao

113 1223 330 1291 Constantino
362 1227 467 1310 magis
501 1247 538 1290 ae
570 1227 675 1310 magis
709 1226 919 1308 praevalente
950 1227 1130 1310 imperator

113 1315 222 1397 eoepit
244 1313 407 1397 inquirere
430 1314 581 1398 quisnam
602 1317 696 1379 esset.
733 1313 856 1379 Milites
876 1318 986 1379 autem
1010 1318 1043 1379 et
1061 1315 1130 1380 uni-

112 1402 200 1468 versi
223 1402 279 1487 qui
302 1402 437 1466 aderant
454 1402 581 1467 nobiles
599 1402 837 1486 responderunt
859 1424 923 1467 uno
946 1424 1000 1466 ore
1024 1402 1131 1467 dioen-

111 1494 174 1573 ees,
193 1489 278 1575 quod
292 1489 403 1554 nullus
416 1490 523 1575 ipsum
536 1493 685 1556 nosoeret
697 1491 761 1555 nisi
775 1491 860 1574 quod
879 1491 985 1574 ipsum
1000 1491 1130 1574 saepius

67 1595 96 1637 15
112 1579 273 1644 vidissent
301 1578 417 1643 esteris
440 1579 475 1643 in
497 1578 559 1645 hoo
582 1579 658 1644 ludo
677 1583 710 1644 et
737 1579 809 1644 aliis
833 1579 1029 1644 militaribus
1054 1579 1131 1643 aeti-

112 1667 175 1732 bus
198 1665 385 1732 ludentibus
408 1667 707 1751 incomparabiliter
729 1668 979 1751 praevalentem.

203 1753 388 1838 Imperator
424 1759 533 1820 autem
567 1757 631 1820 hoo
662 1756 773 1820 audito
805 1753 1057 1820 constantinum
1090 1754 1128 1819 ad
1140 1754 1183 1818 34

114 1865 208 1909 suam
236 1844 345 1909 voeari
373 1843 469 1908 iussit
494 1844 714 1928 praesentiam
741 1847 774 1909 et
801 1843 962 1928 quaesivit
989 1845 1030 1908 ab
1057 1843 1130 1927 ipso

114 1932 188 2018 quis
216 1935 249 1997 et
276 1933 359 1997 unde
387 1935 480 1996 esset.
528 1931 591 2008 Qui
622 1932 790 2016 respondit
822 1933 942 1996 dicens:
979 1931 1131 1997 ‘Domine

68 2039 98 2079 so
114 2021 292 2104 imperator
319 2022 472 2104 pauperis
497 2042 568 2085 sum
596 2020 683 2086 filius
706 2021 851 2085 mulieris
874 2020 1072 2084 stabularias
1095 2020 1131 2084 in

112 2108 177 2174 hae
194 2108 273 2173 urbe
293 2107 546 2175 commorantis'.
578 2108 767 2193 Rursusque
787 2108 1005 2193 interrogavit
1022 2108 1131 2191 ipsum

114 2197 188 2281 quis
203 2201 290 2262 esset
310 2201 404 2282 pater
418 2197 496 2262 eius.
528 2196 580 2260 Ad
595 2197 680 2280 quod
693 2196 811 2260 iterum
826 2195 994 2279 respondit
1008 2195 1130 2260 dicens:

114 2284 259 2350 ‘Patrem
278 2285 438 2370 quendam
461 2306 637 2369 pauperem
655 2285 761 2350 virum
784 2283 885 2350 habui
909 2284 965 2369 qui
983 2287 1130 2350 mortuus

113 2373 179 2438 fuit
193 2376 367 2458 antequam
382 2395 443 2459 ego
462 2377 559 2439 natus
579 2371 704 2437 essem'.
736 2371 919 2457 Imperator
933 2376 1043 2437 autem
1060 2394 1130 2436 rem

69 2478 100 2520 ss
114 2461 235 2527 tacitus
251 2463 456 2527 considerans
472 2461 680 2544 subsequenti
699 2461 840 2545 quadam
858 2461 919 2544 die,
937 2483 1010 2525 oum
1023 2461 1131 2544 ipsum

72 2607 76 2616 .
113 2551 201 2614 inter
234 2550 316 2614 alios
348 2551 471 2614 milites
503 2549 740 2614 hastiludentes
775 2571 812 2614 ae
839 2549 947 2632 ipsum
974 2550 1014 2613 iis
1041 2570 1131 2634 prae-

113 2638 278 2704 valentem
307 2639 390 2703 siout
420 2639 510 2722 prius
538 2638 772 2722 conspexisset,
803 2637 940 2702 eundem
972 2636 1131 2702 Constan-

113 2727 223 2792 tinum
246 2727 286 2791 ad
310 2747 343 2791 se
371 2727 480 2792 voeari
508 2727 605 2792 iussit
627 2729 661 2790 et
682 2725 802 2790 iterum
827 2726 899 2810 quis
926 2729 1011 2790 esset
1034 2726 1132 2789 inter·

113 2814 254 2899 rogavit.
287 2813 348 2890 Qui
363 2814 492 2898 quidem
506 2813 739 2879 Constantinus
756 2813 924 2896 respondit
938 2813 1022 2878 siout
1041 2813 1131 2897 prius

72 2920 101 2961 ³0
115 2903 240 2968 fenerat
257 2903 380 2968 dicens:
405 2901 556 2967 ‘Domine
573 2903 759 2986 imperator,
779 2901 933 2984 pauperis
953 2923 1025 2966 sum
1043 2901 1130 2965 filius

115 2990 273 3075 mulieris,
292 3013 404 3056 servus
423 2989 551 3056 vester'.
583 2989 766 3074 Imperator
781 2992 890 3054 autem
904 3011 973 3054 rem
993 2989 1041 3053 ita
1061 3011 1131 3054 esse

116 3080 202 3144 siout
225 3079 391 3144 asserebat
412 3101 618 3164 nequaquam
642 3079 817 3142 aestimans
839 3077 921 3141 dixit
944 3077 1021 3142 sibi:
1054 3076 1130 3142 ‘Pro

115 3171 204 3232 certo
229 3168 310 3232 seire
334 3169 482 3233 volumus
505 3166 602 3231 huius
621 3167 668 3230 rei
686 3167 859 3230 veritatem
881 3167 914 3229 et
936 3166 1002 3230 nisi
1024 3165 1131 3250 ipsam

113 3255 320 3340 patefeceris,
342 3277 483 3339 poenam
501 3277 568 3320 non
592 3252 729 3320 erades'.
765 3252 997 3320 Constantinus
1022 3258 1132 3318 autern

177 3399 222 3522 tito
241 3394 406 3450 continuans
424 3395 501 3453 codd.
521 3391 671 3448 eontinatis
685 3393 799 3448 aaroni.
874 3398 908 3446 30
928 3391 1042 3448 domine
1056 3393 1087 3446 ia
1101 3391 1132 3445 D

113 3481 177 3536 repe
188 3482 200 3520 e
212 3481 254 3520 ar.
