2576 3942
562 205 781 268 ..24-

164 365 225 426 tur.
272 360 446 438 ‘Quoniam
477 384 553 427 vero
586 383 647 446 ego
680 363 825 427 sentiens
856 382 908 426 me
937 383 956 426 a
981 361 1075 427 vobis
1105 383 1181 427 con·

164 449 298 534 cepisse,
316 450 444 515 decrevi
456 451 566 534 potius
580 451 665 516 velle
684 451 720 515 in
732 451 811 515 urbe
824 449 975 514 Romana
988 449 1023 514 in
1041 471 1181 534 pauper-

163 543 231 603 tate
257 539 359 604 vitam
388 539 502 604 ducere
531 542 564 604 εὴ
591 538 631 603 de
658 539 824 604 laboribus
852 559 1007 602 manuum
1032 560 1180 605 mearum

162 627 287 692 victum
314 648 468 712 quaerere
496 628 658 711 quemad
683 626 829 692 natalem
851 627 992 710 patriam
1014 627 1121 691 redire
1146 629 1181 692 et

162 715 284 780 ibidem
306 716 391 780 inter
415 716 535 780 amicos
555 720 588 780 et
606 719 703 780 notos
727 716 876 799 quemvis
895 716 965 780 sine
983 720 1210 799 paupertate⁵

163 808 196 868 et
211 825 284 868 cum
297 804 553 869 necessariorum
568 804 762 870 sufficientia
777 807 953 888 perpetuae
966 805 1181 869 verecundiae

162 892 314 957 ruborem
351 893 519 958 sustinere.
568 893 613 958 at
640 893 712 957 ideo
744 914 784 957 ex
815 895 893 958 tunc
924 893 1088 977 praeelegi
1123 892 1182 956 hic

162 1001 292 1045 manere
320 985 353 1045 et
375 982 482 1046 mansi
504 1002 605 1064 usque
632 981 668 1044 in
694 981 886 1046 hodiernum
910 981 995 1044 diem
1018 983 1052 1045 εὴ
1073 981 1181 1044 filium

162 1090 269 1132 meum
284 1066 536 1134 Constantinum
551 1069 589 1134 de
604 1069 753 1134 manibus
768 1091 826 1134 seu
840 1068 1007 1134 laboribus
1021 1090 1180 1140 manuum

161 1178 308 1220 mearum
336 1157 477 1222 educavi.
517 1157 695 1242 Usquequo
723 1156 787 1222 duo
814 1160 1011 1222 mercatores
1033 1156 1181 1222 Romani
1196 1176 1225 1214 ιο

161 1244 269 1328 ipsum
297 1245 378 1310 mihi
409 1246 523 1310 furtim
556 1246 739 1311 auferentes
766 1244 807 1309 ad
840 1245 971 1310 domum
1004 1267 1095 1310 suam
1127 1267 1180 1309 re-

162 1337 315 1416 ceperunt
352 1337 385 1398 et
421 1333 639 1399 educaverrmt
669 1356 728 1418 per
759 1333 886 1417 aliquos
923 1353 1039 1417 annos,
1075 1333 1180 1398 donec

111 1441 114 1447 ·
160 1421 267 1504 ipsum
301 1421 341 1485 ad
378 1443 480 1487 annos
519 1422 696 1487 iuventutis
732 1422 922 1506 perductum
960 1443 1069 1486 secum
1104 1443 1180 1505 per-

160 1508 320 1573 duxerunt
351 1509 392 1574 ad
416 1509 586 1574 Graeciam
609 1515 641 1575 et
670 1510 790 1575 ibidem
812 1509 914 1574 filium
937 1513 1083 1574 vestrum
1105 1509 1179 1575 fore

160 1597 302 1663 dicentes
334 1598 421 1662 filiae
453 1598 657 1682 imperatoris
690 1596 888 1663 Graecorum
918 1597 972 1662 hic
1009 1598 1179 1681 praesenti
1194 1614 1223 1656 1⁵

160 1686 307 1768 copulari
339 1685 625 1751 matrimonialiter
660 1690 915 1768 procuraverunt
947 1689 980 1750 et
1015 1685 1090 1751 inde
1126 1707 1179 1750 re·

160 1775 308 1839 cedentes
340 1774 493 1859 ipsosque
521 1796 630 1839 secum
656 1777 755 1857 prout
783 1797 802 1838 a
831 1773 924 1839 vobis
952 1775 987 1838 in
1012 1773 1178 1838 mandatis

160 1882 194 1925 se
222 1862 382 1944 recepisse
410 1862 655 1928 affirmaverunt
681 1861 892 1946 perducentes
923 1883 978 1928 eos
1009 1861 1049 1927 ad
1076 1883 1178 1946 quan·

159 1949 235 2015 dam
257 1950 398 2014 insulam
421 1953 458 2015 ut
480 1950 601 2014 ibidem
624 1950 709 2014 fame
732 1950 951 2015 interficerent
969 1950 1177 2015 collocabant

158 2041 192 2102 et
218 2037 299 2121 ipsis
328 2037 560 2104 dormientibus
591 2041 624 2102 et
651 2037 877 2122 ignorantibus
901 2038 1021 2102 ibidem
1048 2038 1174 2104 relictis
1191 2057 1222 2098 ro

159 2125 199 2190 ad
226 2126 366 2192 Romam
394 2148 466 2192 cum
495 2127 561 2191 suis
591 2126 729 2192 navibus
762 2125 883 2192 reversi
917 2127 1001 2190 clam
1032 2127 1175 2192 bierunt.

157 2212 246 2280 Deus
270 2218 379 2280 autem
398 2216 603 2299 omnipotens
623 2216 679 2299 qui
696 2237 860 2298 nunquam
883 2214 1025 2279 deseruit
1044 2237 1176 2299 speran-

157 2305 207 2366 tes
244 2303 279 2367 in
316 2323 350 2366 sc
388 2305 506 2386 quique
541 2301 723 2368 Susannam
755 2304 794 2367 de
826 2303 976 2368 manibus
1010 2303 1177 2387 iniquissi-

157 2412 285 2455 morum
307 2389 449 2454 iudicum
468 2395 503 2454 et
520 2389 692 2455 Danielem
710 2391 750 2456 de
768 2391 842 2456 lacu
860 2392 991 2457 leonum
1010 2391 1177 2478 liberavit,

157 2479 268 2543 volens
295 2479 485 2544 innocentes
513 2500 721 2562 praeservare
748 2479 880 2545 iuvenes
907 2480 987 2544 fecit
1014 2480 1176 2564 quosdam
1190 2498 1218 2540 25

156 2568 261 2631 bonos
283 2565 432 2631 homines
452 2588 525 2631 cum
544 2567 609 2632 suis
629 2567 768 2632 navibus
787 2568 890 2632 dictae
913 2567 1039 2633 insulae
1058 2590 1176 2652 appro-

156 2654 314 2738 pinquare
338 2658 371 2718 et
393 2677 459 2720 non
483 2655 551 2720 sine
573 2677 650 2720 suae
674 2656 895 2739 dispositionis
915 2656 1089 2720 clementia
1111 2656 1176 2721 ibi·

157 2741 231 2806 dem
253 2744 438 2826 pervenire3
462 2744 516 2828 qui
540 2742 783 2826 deperditione
807 2743 952 2826 ipsorum
971 2744 1097 2810 miserti
1117 2766 1174 2810 eos

157 2829 198 2894 ad
211 2829 350 2896 Romam
364 2832 590 2916 perduxerunt.
621 2830 696 2917 Ego
716 2835 825 2897 autem
843 2832 1048 2916 paupercula,
1065 2832 1174 2898 filium

156 2940 265 2984 meum
289 2921 421 2985 omnino
449 2919 627 3004 perdidisse
651 2920 782 2984 credens
807 2922 840 2983 et
862 2919 930 2984 eius
955 2920 1217 3003 perditionem'so

155 3029 212 3090 per
242 3008 346 3073 multa
373 3011 523 3092 tempora
549 3007 669 3072 deflens
693 3029 730 3072 ac
758 3008 797 3073 de
824 3008 893 3072 eius
916 3009 1173 3092 recuperatione,

156 3117 252 3180 quem
270 3096 336 3170 iam
355 3101 432 3162 tunc
451 3119 508 3180 per
528 3097 669 3179 quinque
687 3117 789 3160 annos
806 3096 1019 3181 perdideram,
1038 3098 1172 3162 omnino

155 3182 326 3267 desperata
353 3185 461 3269 ipsum
483 3205 549 3248 non
572 3185 676 3249 multo
704 3187 850 3268 tempore
874 3186 985 3268 elapso
1009 3207 1074 3250 nna
1098 3207 1171 3250 oum

227 3398 240 3444 1
261 3390 423 3461 concepisse
442 3392 486 3459 D,
505 3391 661 3461 suscepisse
679 3391 715 3446 F.
791 3399 825 3446 14
844 3394 872 3447 et
886 3408 935 3450 om.
952 3392 989 3449 F.
1066 3400 1101 3450 26
1120 3409 1171 3464 ap·

153 3460 341 3531 propinquare
361 3460 402 3530 F,
420 3461 609 3532 propinquare
627 3462 665 3515 D.
