<?xml version="1.0" encoding="UTF-8"?>
<!DOCTYPE html PUBLIC "-//W3C//DTD XHTML 1.0 Transitional//EN"
    "http://www.w3.org/TR/xhtml1/DTD/xhtml1-transitional.dtd">
<html xmlns="http://www.w3.org/1999/xhtml" xml:lang="en" lang="en">
 <head>
  <title>
</title>
<meta http-equiv="Content-Type" content="text/html;charset=utf-8" />
  <meta name='ocr-system' content='tesseract 3.04.00' />
  <meta name='ocr-capabilities' content='ocr_page ocr_carea ocr_par ocr_line ocrx_word'/>
</head>
<body>
  <div class='ocr_page' id='page_1' title='image "./incertiauctoris02heydgoog_0038.png"; bbox 0 0 2576 3942; ppageno 0'>
   <div class='ocr_carea' id='block_1_1' title="bbox 517 198 734 264">
    <p class='ocr_par' dir='ltr' id='par_1_1' title="bbox 517 198 734 264">
     <span class='ocr_line' id='line_1_1' title="bbox 517 198 734 264; baseline 0.009 -20"><span class='ocrx_word' id='word_1_1' title='bbox 517 198 734 264; x_wconf 71' lang='grc'><strong>,25-</strong></span> 
     </span>
    </p>
   </div>
   <div class='ocr_carea' id='block_1_2' title="bbox 6 355 1181 3181">
    <p class='ocr_par' dir='ltr' id='par_1_2' title="bbox 6 355 1181 3181">
     <span class='ocr_line' id='line_1_2' title="bbox 115 355 1130 443; baseline 0.001 -22"><span class='ocrx_word' id='word_1_2' title='bbox 115 377 174 421; x_wconf 90' lang='lat' dir='ltr'><strong>sua</strong></span> <span class='ocrx_word' id='word_1_3' title='bbox 206 355 345 441; x_wconf 83' lang='lat' dir='ltr'><strong>coniuge</strong></span> <span class='ocrx_word' id='word_1_4' title='bbox 380 363 578 442; x_wconf 74' lang='lat' dir='ltr'>praesente</span> <span class='ocrx_word' id='word_1_5' title='bbox 573 380 700 423; x_wconf 87' lang='lat' dir='ltr'><strong>sanum</strong></span> <span class='ocrx_word' id='word_1_6' title='bbox 733 380 805 424; x_wconf 93' lang='lat' dir='ltr'><strong>cum</strong></span> <span class='ocrx_word' id='word_1_7' title='bbox 836 356 955 442; x_wconf 84' lang='lat' dir='ltr'><strong>gaudio</strong></span> <span class='ocrx_word' id='word_1_8' title='bbox 994 359 1130 443; x_wconf 80' lang='lat' dir='ltr'><strong>suscepi.</strong></span> 
     </span>
     <span class='ocr_line' id='line_1_3' title="bbox 114 441 1131 533; baseline 0.003 -23"><span class='ocrx_word' id='word_1_9' title='bbox 114 441 178 512; x_wconf 81' lang='lat' dir='ltr'><strong>Sed</strong></span> <span class='ocrx_word' id='word_1_10' title='bbox 201 444 357 510; x_wconf 85' lang='lat' dir='ltr'><strong>detenta</strong></span> <span class='ocrx_word' id='word_1_11' title='bbox 380 447 517 533; x_wconf 81' lang='lat' dir='ltr'><strong>coniuge</strong></span> <span class='ocrx_word' id='word_1_12' title='bbox 541 446 723 530; x_wconf 87' lang='lat' dir='ltr'><strong>stupefacta</strong></span> <span class='ocrx_word' id='word_1_13' title='bbox 688 445 986 511; x_wconf 85' lang='lat' dir='ltr'><strong>t&#39;deoreveram</strong></span> <span class='ocrx_word' id='word_1_14' title='bbox 976 467 1042 510; x_wconf 82' lang='lat' dir='ltr'><strong>ram</strong></span> <span class='ocrx_word' id='word_1_15' title='bbox 1065 469 1131 513; x_wconf 87' lang='lat' dir='ltr'><strong>una</strong></span> 
     </span>
     <span class='ocr_line' id='line_1_4' title="bbox 114 533 1129 620; baseline 0.004 -22"><span class='ocrx_word' id='word_1_16' title='bbox 114 553 189 598; x_wconf 89' lang='lat' dir='ltr'><strong>curn</strong></span> <span class='ocrx_word' id='word_1_17' title='bbox 220 533 351 618; x_wconf 88' lang='lat' dir='ltr'><strong>iisdem,</strong></span> <span class='ocrx_word' id='word_1_18' title='bbox 389 535 489 620; x_wconf 87' lang='lat' dir='ltr'><strong>quod,</strong></span> <span class='ocrx_word' id='word_1_19' title='bbox 520 534 585 600; x_wconf 89' lang='lat' dir='ltr'><strong>nisi</strong></span> <span class='ocrx_word' id='word_1_20' title='bbox 615 534 732 600; x_wconf 81' lang='lat' dir='ltr'><strong>fuisset</strong></span> <span class='ocrx_word' id='word_1_21' title='bbox 762 533 952 599; x_wconf 86' lang='lat' dir='ltr'><strong>mandatum</strong></span> <span class='ocrx_word' id='word_1_22' title='bbox 984 538 1129 602; x_wconf 86' lang='lat' dir='ltr'><strong>vestrum</strong></span> 
     </span>
     <span class='ocr_line' id='line_1_5' title="bbox 114 622 1129 710; baseline 0.004 -26"><span class='ocrx_word' id='word_1_23' title='bbox 114 624 185 684; x_wconf 86' lang='lat' dir='ltr'><strong>tam</strong></span> <span class='ocrx_word' id='word_1_24' title='bbox 207 622 327 688; x_wconf 91' lang='lat' dir='ltr'><strong>seriose</strong></span> <span class='ocrx_word' id='word_1_25' title='bbox 349 623 431 690; x_wconf 91' lang='lat' dir='ltr'><strong>mihi</strong></span> <span class='ocrx_word' id='word_1_26' title='bbox 454 623 521 689; x_wconf 84' lang='lat' dir='ltr'><strong>fact</strong></span> <span class='ocrx_word' id='word_1_27' title='bbox 506 627 576 688; x_wconf 87' lang='lat' dir='ltr'><strong>tum</strong></span> <span class='ocrx_word' id='word_1_28' title='bbox 581 645 778 710; x_wconf 88' lang='lat' dir='ltr'><strong>‚nunquam</strong></span> <span class='ocrx_word' id='word_1_29' title='bbox 797 623 897 688; x_wconf 85' lang='lat' dir='ltr'><strong>alreur</strong></span> <span class='ocrx_word' id='word_1_30' title='bbox 914 625 1038 687; x_wconf 80' lang='lat' dir='ltr'><strong>viventl</strong></span> <span class='ocrx_word' id='word_1_31' title='bbox 1059 645 1129 688; x_wconf 89' lang='lat' dir='ltr'><strong>erus</strong></span> 
     </span>
     <span class='ocr_line' id='line_1_6' title="bbox 84 709 1128 796; baseline 0.003 -23"><span class='ocrx_word' id='word_1_32' title='bbox 84 709 336 775; x_wconf 73' lang='lat' dir='ltr'><strong>aeondieionem</strong></span> <span class='ocrx_word' id='word_1_33' title='bbox 359 716 393 777; x_wconf 90' lang='lat' dir='ltr'><strong>et</strong></span> <span class='ocrx_word' id='word_1_34' title='bbox 416 715 566 777; x_wconf 86' lang='lat' dir='ltr'><strong>eventum</strong></span> <span class='ocrx_word' id='word_1_35' title='bbox 589 712 638 776; x_wconf 90' lang='lat' dir='ltr'><strong>rei</strong></span> <span class='ocrx_word' id='word_1_36' title='bbox 660 712 828 796; x_wconf 82' lang='lat' dir='ltr'>dixissem,</span> <span class='ocrx_word' id='word_1_37' title='bbox 856 710 944 776; x_wconf 83' lang='lat' dir='ltr'><strong>sed</strong></span> <span class='ocrx_word' id='word_1_38' title='bbox 934 731 970 774; x_wconf 85' lang='lat' dir='ltr'><strong>ln</strong></span> <span class='ocrx_word' id='word_1_39' title='bbox 992 732 1128 795; x_wconf 84' lang='lat' dir='ltr'><strong>pauper-</strong></span> 
     </span>
     <span class='ocr_line' id='line_1_7' title="bbox 113 798 1129 882; baseline 0.001 -21"><span class='ocrx_word' id='word_1_40' title='bbox 113 800 235 862; x_wconf 86' lang='lat' dir='ltr'><strong>tatet</strong></span> <span class='ocrx_word' id='word_1_41' title='bbox 202 819 220 862; x_wconf 90' lang='lat' dir='ltr'><strong>e</strong></span> <span class='ocrx_word' id='word_1_42' title='bbox 221 798 291 862; x_wconf 87' lang='lat' dir='ltr'><strong>tde</strong></span> <span class='ocrx_word' id='word_1_43' title='bbox 309 799 477 866; x_wconf 81' lang='lat' dir='ltr'>laboribus</span> <span class='ocrx_word' id='word_1_44' title='bbox 496 821 650 866; x_wconf 85' lang='lat' dir='ltr'><strong>manuum</strong></span> <span class='ocrx_word' id='word_1_45' title='bbox 668 821 813 866; x_wconf 88' lang='lat' dir='ltr'><strong>mearum</strong></span> <span class='ocrx_word' id='word_1_46' title='bbox 830 800 955 864; x_wconf 82' lang='lat' dir='ltr'><strong>vietum</strong></span> <span class='ocrx_word' id='word_1_47' title='bbox 976 820 1129 882; x_wconf 89' lang='lat' dir='ltr'><strong>quaerere</strong></span> 
     </span>
     <span class='ocr_line' id='line_1_8' title="bbox 113 886 852 973; baseline 0.004 -24"><span class='ocrx_word' id='word_1_48' title='bbox 113 886 203 970; x_wconf 80' lang='lat' dir='ltr'><strong>cogit</strong></span> <span class='ocrx_word' id='word_1_49' title='bbox 204 887 330 952; x_wconf 82' lang='lat' dir='ltr'><strong>avimus</strong></span> <span class='ocrx_word' id='word_1_50' title='bbox 353 887 395 953; x_wconf 87' lang='lat' dir='ltr'><strong>ad</strong></span> <span class='ocrx_word' id='word_1_51' title='bbox 417 891 566 973; x_wconf 88' lang='lat' dir='ltr'><strong>tempora</strong></span> <span class='ocrx_word' id='word_1_52' title='bbox 587 889 675 954; x_wconf 86' lang='lat' dir='ltr'><strong>vitae</strong></span> <span class='ocrx_word' id='word_1_53' title='bbox 698 886 852 954; x_wconf 85' lang='lat' dir='ltr'><strong>nostrae&#39;.</strong></span> 
     </span>
     <span class='ocr_line' id='line_1_9' title="bbox 202 973 1181 1058; baseline 0.009 -20"><span class='ocrx_word' id='word_1_54' title='bbox 202 973 387 1058; x_wconf 76' lang='lat' dir='ltr'><strong>Imperator</strong></span> <span class='ocrx_word' id='word_1_55' title='bbox 413 998 488 1042; x_wconf 85' lang='lat' dir='ltr'><strong>vero</strong></span> <span class='ocrx_word' id='word_1_56' title='bbox 517 977 556 1042; x_wconf 91' lang='lat' dir='ltr'><strong>de</strong></span> <span class='ocrx_word' id='word_1_57' title='bbox 583 978 685 1042; x_wconf 89' lang='lat' dir='ltr'><strong>tantis</strong></span> <span class='ocrx_word' id='word_1_58' title='bbox 714 981 747 1042; x_wconf 85' lang='lat' dir='ltr'><strong>et</strong></span> <span class='ocrx_word' id='word_1_59' title='bbox 776 976 898 1041; x_wconf 79' lang='lat' dir='ltr'><strong>talibus</strong></span> <span class='ocrx_word' id='word_1_60' title='bbox 922 975 1181 1046; x_wconf 81' lang='lat' dir='ltr'><strong>sermonibus39</strong></span> 
     </span>
     <span class='ocr_line' id='line_1_10' title="bbox 112 1061 1129 1150; baseline 0.002 -24"><span class='ocrx_word' id='word_1_61' title='bbox 112 1061 253 1126; x_wconf 89' lang='lat' dir='ltr'><strong>multtum</strong></span> <span class='ocrx_word' id='word_1_62' title='bbox 284 1063 483 1147; x_wconf 87' lang='lat' dir='ltr'><strong>stupefactus</strong></span> <span class='ocrx_word' id='word_1_63' title='bbox 516 1069 549 1129; x_wconf 89' lang='lat' dir='ltr'><strong>et</strong></span> <span class='ocrx_word' id='word_1_64' title='bbox 579 1065 667 1130; x_wconf 90' lang='lat' dir='ltr'><strong>ultra</strong></span> <span class='ocrx_word' id='word_1_65' title='bbox 694 1087 792 1150; x_wconf 87' lang='lat' dir='ltr'><strong>quam</strong></span> <span class='ocrx_word' id='word_1_66' title='bbox 818 1064 906 1130; x_wconf 88' lang='lat' dir='ltr'><strong>credi</strong></span> <span class='ocrx_word' id='word_1_67' title='bbox 937 1067 1048 1147; x_wconf 86' lang='lat' dir='ltr'><strong>potest</strong></span> <span class='ocrx_word' id='word_1_68' title='bbox 1075 1064 1129 1128; x_wconf 90' lang='lat' dir='ltr'><strong>ad·</strong></span> 
     </span>
     <span class='ocr_line' id='line_1_11' title="bbox 73 1149 1128 1238; baseline 0.006 -26"><span class='ocrx_word' id='word_1_69' title='bbox 73 1149 236 1214; x_wconf 77' lang='lat' dir='ltr'><strong>ramirans</strong></span> <span class='ocrx_word' id='word_1_70' title='bbox 264 1151 322 1217; x_wconf 88' lang='lat' dir='ltr'><strong>ait:</strong></span> <span class='ocrx_word' id='word_1_71' title='bbox 356 1150 413 1216; x_wconf 80' lang='lat' dir='ltr'><strong>nr</strong></span> <span class='ocrx_word' id='word_1_72' title='bbox 441 1153 602 1238; x_wconf 90' lang='lat' dir='ltr'><strong>quomodo</strong></span> <span class='ocrx_word' id='word_1_73' title='bbox 629 1154 830 1237; x_wconf 87' lang='lat' dir='ltr'><strong>potesteiste</strong></span> <span class='ocrx_word' id='word_1_74' title='bbox 857 1152 945 1217; x_wconf 90' lang='lat' dir='ltr'><strong>filius</strong></span> <span class='ocrx_word' id='word_1_75' title='bbox 972 1173 1063 1218; x_wconf 89' lang='lat' dir='ltr'><strong>meus</strong></span> <span class='ocrx_word' id='word_1_76' title='bbox 1095 1158 1128 1218; x_wconf 85' lang='lat' dir='ltr'><strong>et</strong></span> 
     </span>
     <span class='ocr_line' id='line_1_12' title="bbox 113 1239 1128 1343; baseline 0.004 -41"><span class='ocrx_word' id='word_1_77' title='bbox 113 1259 209 1322; x_wconf 92' lang='lat' dir='ltr'><strong>quem</strong></span> <span class='ocrx_word' id='word_1_78' title='bbox 235 1239 342 1324; x_wconf 90' lang='lat' dir='ltr'><strong>ipsum</strong></span> <span class='ocrx_word' id='word_1_79' title='bbox 371 1239 410 1305; x_wconf 90' lang='lat' dir='ltr'><strong>de</strong></span> <span class='ocrx_word' id='word_1_80' title='bbox 437 1242 530 1307; x_wconf 86' lang='lat' dir='ltr'><strong>vobis</strong></span> <span class='ocrx_word' id='word_1_81' title='bbox 557 1240 748 1326; x_wconf 55' lang='lat' dir='ltr'><strong>generavi?</strong></span> <span class='ocrx_word' id='word_1_82' title='bbox 792 1240 975 1343; x_wconf 76' lang='lat' dir='ltr'><strong>Respondit</strong></span> <span class='ocrx_word' id='word_1_83' title='bbox 1000 1240 1128 1306; x_wconf 88' lang='lat' dir='ltr'><strong>Helena</strong></span> 
     </span>
     <span class='ocr_line' id='line_1_13' title="bbox 112 1326 1129 1414; baseline 0.003 -23"><span class='ocrx_word' id='word_1_84' title='bbox 112 1327 235 1392; x_wconf 87' lang='lat' dir='ltr'><strong>dicens:</strong></span> <span class='ocrx_word' id='word_1_85' title='bbox 273 1326 424 1395; x_wconf 88' lang='lat' dir='ltr'><strong>Domine</strong></span> <span class='ocrx_word' id='word_1_86' title='bbox 455 1330 630 1414; x_wconf 87' lang='lat' dir='ltr'><strong>imperator</strong></span> <span class='ocrx_word' id='word_1_87' title='bbox 661 1330 780 1414; x_wconf 80' lang='lat' dir='ltr'><strong>viginti</strong></span> <span class='ocrx_word' id='word_1_88' title='bbox 812 1329 907 1394; x_wconf 89' lang='lat' dir='ltr'><strong>annis</strong></span> <span class='ocrx_word' id='word_1_89' title='bbox 942 1328 1062 1412; x_wconf 89' lang='lat' dir='ltr'><strong>elapsis</strong></span> <span class='ocrx_word' id='word_1_90' title='bbox 1095 1333 1129 1394; x_wconf 90' lang='lat' dir='ltr'><strong>et</strong></span> 
     </span>
     <span class='ocr_line' id='line_1_14' title="bbox 113 1416 1128 1504; baseline 0.002 -24"><span class='ocrx_word' id='word_1_91' title='bbox 113 1416 253 1499; x_wconf 88' lang='lat' dir='ltr'><strong>amplius</strong></span> <span class='ocrx_word' id='word_1_92' title='bbox 285 1439 349 1482; x_wconf 90' lang='lat' dir='ltr'><strong>uno</strong></span> <span class='ocrx_word' id='word_1_93' title='bbox 382 1417 507 1482; x_wconf 89' lang='lat' dir='ltr'><strong>dierum</strong></span> <span class='ocrx_word' id='word_1_94' title='bbox 535 1439 595 1504; x_wconf 83' lang='lat' dir='ltr'><strong>ego</strong></span> <span class='ocrx_word' id='word_1_95' title='bbox 628 1439 700 1483; x_wconf 89' lang='lat' dir='ltr'><strong>cum</strong></span> <span class='ocrx_word' id='word_1_96' title='bbox 728 1417 824 1483; x_wconf 86' lang='lat' dir='ltr'><strong>sociis</strong></span> <span class='ocrx_word' id='word_1_97' title='bbox 852 1417 947 1500; x_wconf 87' lang='lat' dir='ltr'><strong>meis,</strong></span> <span class='ocrx_word' id='word_1_98' title='bbox 976 1439 1059 1501; x_wconf 90' lang='lat' dir='ltr'><strong>quae</strong></span> <span class='ocrx_word' id='word_1_99' title='bbox 1087 1417 1128 1482; x_wconf 87' lang='lat' dir='ltr'><strong>ad</strong></span> 
     </span>
     <span class='ocr_line' id='line_1_15' title="bbox 112 1503 1127 1572; baseline 0.001 -3"><span class='ocrx_word' id='word_1_100' title='bbox 112 1504 227 1570; x_wconf 89' lang='lat' dir='ltr'><strong>urbem</strong></span> <span class='ocrx_word' id='word_1_101' title='bbox 251 1503 378 1570; x_wconf 87' lang='lat' dir='ltr'><strong>Roman</strong></span> <span class='ocrx_word' id='word_1_102' title='bbox 400 1507 546 1572; x_wconf 83' lang='lat' dir='ltr'><strong>venimus</strong></span> <span class='ocrx_word' id='word_1_103' title='bbox 575 1507 616 1572; x_wconf 91' lang='lat' dir='ltr'><strong>ad</strong></span> <span class='ocrx_word' id='word_1_104' title='bbox 638 1506 837 1571; x_wconf 78' lang='lat' dir='ltr'><strong>visitandum</strong></span> <span class='ocrx_word' id='word_1_105' title='bbox 863 1505 979 1570; x_wconf 89' lang='lat' dir='ltr'><strong>limine</strong></span> <span class='ocrx_word' id='word_1_106' title='bbox 1001 1509 1127 1570; x_wconf 86' lang='lat' dir='ltr'><strong>saneto-</strong></span> 
     </span>
     <span class='ocr_line' id='line_1_16' title="bbox 72 1593 1127 1678; baseline 0.002 -22"><span class='ocrx_word' id='word_1_107' title='bbox 72 1612 98 1656; x_wconf 70' lang='grc' dir='ltr'><strong>ιι</strong></span> <span class='ocrx_word' id='word_1_108' title='bbox 111 1614 197 1677; x_wconf 87' lang='lat' dir='ltr'><strong>rum,</strong></span> <span class='ocrx_word' id='word_1_109' title='bbox 220 1593 360 1659; x_wconf 86' lang='lat' dir='ltr'><strong>transivi</strong></span> <span class='ocrx_word' id='word_1_110' title='bbox 381 1616 440 1678; x_wconf 91' lang='lat' dir='ltr'><strong>per</strong></span> <span class='ocrx_word' id='word_1_111' title='bbox 461 1599 594 1678; x_wconf 90' lang='lat' dir='ltr'><strong>pontem</strong></span> <span class='ocrx_word' id='word_1_112' title='bbox 618 1593 745 1660; x_wconf 87' lang='lat' dir='ltr'><strong>Tiberis</strong></span> <span class='ocrx_word' id='word_1_113' title='bbox 768 1598 803 1660; x_wconf 89' lang='lat' dir='ltr'><strong>et</strong></span> <span class='ocrx_word' id='word_1_114' title='bbox 820 1594 913 1659; x_wconf 82' lang='lat' dir='ltr'><strong>vobis</strong></span> <span class='ocrx_word' id='word_1_115' title='bbox 933 1615 972 1658; x_wconf 86' lang='lat' dir='ltr'><strong>ex</strong></span> <span class='ocrx_word' id='word_1_116' title='bbox 990 1594 1127 1659; x_wconf 85' lang='lat' dir='ltr'><strong>adverso</strong></span> 
     </span>
     <span class='ocr_line' id='line_1_17' title="bbox 112 1682 1128 1749; baseline 0.001 -4"><span class='ocrx_word' id='word_1_117' title='bbox 112 1702 185 1745; x_wconf 90' lang='lat' dir='ltr'><strong>oum</strong></span> <span class='ocrx_word' id='word_1_118' title='bbox 208 1685 260 1746; x_wconf 89' lang='lat' dir='ltr'><strong>sat</strong></span> <span class='ocrx_word' id='word_1_119' title='bbox 245 1682 406 1748; x_wconf 89' lang='lat' dir='ltr'><strong>tellitibus</strong></span> <span class='ocrx_word' id='word_1_120' title='bbox 429 1683 547 1748; x_wconf 87' lang='lat' dir='ltr'><strong>vestris</strong></span> <span class='ocrx_word' id='word_1_121' title='bbox 570 1683 714 1748; x_wconf 85' lang='lat' dir='ltr'><strong>venienti</strong></span> <span class='ocrx_word' id='word_1_122' title='bbox 737 1705 812 1749; x_wconf 86' lang='lat' dir='ltr'><strong>casu</strong></span> <span class='ocrx_word' id='word_1_123' title='bbox 832 1682 1039 1748; x_wconf 81' lang='lat' dir='ltr'>occurrebam</span> <span class='ocrx_word' id='word_1_124' title='bbox 1057 1704 1128 1747; x_wconf 86' lang='lat' dir='ltr'><strong>vos·</strong></span> 
     </span>
     <span class='ocr_line' id='line_1_18' title="bbox 111 1770 1127 1855; baseline 0 -21"><span class='ocrx_word' id='word_1_125' title='bbox 111 1789 173 1852; x_wconf 89' lang='lat' dir='ltr'><strong>que</strong></span> <span class='ocrx_word' id='word_1_126' title='bbox 207 1770 319 1834; x_wconf 85' lang='lat' dir='ltr'><strong>statim</strong></span> <span class='ocrx_word' id='word_1_127' title='bbox 352 1771 460 1836; x_wconf 91' lang='lat' dir='ltr'><strong>missis</strong></span> <span class='ocrx_word' id='word_1_128' title='bbox 494 1772 688 1855; x_wconf 88' lang='lat' dir='ltr'><strong>quibusdam</strong></span> <span class='ocrx_word' id='word_1_129' title='bbox 720 1793 760 1836; x_wconf 84' lang='lat' dir='ltr'><strong>ex</strong></span> <span class='ocrx_word' id='word_1_130' title='bbox 793 1771 912 1836; x_wconf 85' lang='lat' dir='ltr'><strong>vestris</strong></span> <span class='ocrx_word' id='word_1_131' title='bbox 948 1770 1127 1836; x_wconf 82' lang='lat' dir='ltr'><strong>mandastis</strong></span> 
     </span>
     <span class='ocr_line' id='line_1_19' title="bbox 110 1857 1127 1946; baseline 0.002 -25"><span class='ocrx_word' id='word_1_132' title='bbox 110 1857 234 1941; x_wconf 78' lang='lat' dir='ltr'><strong>hospiti</strong></span> <span class='ocrx_word' id='word_1_133' title='bbox 261 1879 334 1923; x_wconf 91' lang='lat' dir='ltr'><strong>meo</strong></span> <span class='ocrx_word' id='word_1_134' title='bbox 361 1881 414 1924; x_wconf 91' lang='lat' dir='ltr'><strong>me</strong></span> <span class='ocrx_word' id='word_1_135' title='bbox 442 1863 513 1924; x_wconf 90' lang='lat' dir='ltr'><strong>tnm</strong></span> <span class='ocrx_word' id='word_1_136' title='bbox 540 1860 670 1943; x_wconf 89' lang='lat' dir='ltr'><strong>penitus</strong></span> <span class='ocrx_word' id='word_1_137' title='bbox 701 1860 908 1946; x_wconf 79' lang='lat' dir='ltr'><strong>ignorantem</strong></span> <span class='ocrx_word' id='word_1_138' title='bbox 938 1861 977 1924; x_wconf 92' lang='lat' dir='ltr'><strong>ut</strong></span> <span class='ocrx_word' id='word_1_139' title='bbox 1002 1881 1056 1923; x_wconf 92' lang='lat' dir='ltr'><strong>me</strong></span> <span class='ocrx_word' id='word_1_140' title='bbox 1087 1858 1127 1923; x_wconf 91' lang='lat' dir='ltr'><strong>de</strong></span> 
     </span>
     <span class='ocr_line' id='line_1_20' title="bbox 110 1944 1128 2032; baseline 0.002 -23"><span class='ocrx_word' id='word_1_141' title='bbox 110 1944 233 2029; x_wconf 89' lang='lat' dir='ltr'><strong>hospit</strong></span> <span class='ocrx_word' id='word_1_142' title='bbox 223 1968 255 2011; x_wconf 88' lang='grc' dir='ltr'><strong>ιο</strong></span> <span class='ocrx_word' id='word_1_143' title='bbox 288 1968 346 2011; x_wconf 91' lang='lat' dir='ltr'><strong>suo</strong></span> <span class='ocrx_word' id='word_1_144' title='bbox 377 1970 444 2012; x_wconf 90' lang='lat' dir='ltr'><strong>non</strong></span> <span class='ocrx_word' id='word_1_145' title='bbox 477 1948 659 2014; x_wconf 88' lang='lat' dir='ltr'><strong>dimitteret</strong></span> <span class='ocrx_word' id='word_1_146' title='bbox 689 1948 759 2032; x_wconf 86' lang='lat' dir='ltr'><strong>sed,</strong></span> <span class='ocrx_word' id='word_1_147' title='bbox 791 1948 892 2014; x_wconf 90' lang='lat' dir='ltr'><strong>donec</strong></span> <span class='ocrx_word' id='word_1_148' title='bbox 922 1948 1128 2031; x_wconf 91' lang='lat' dir='ltr'><strong>propositum</strong></span> 
     </span>
     <span class='ocr_line' id='line_1_21' title="bbox 70 2034 1126 2121; baseline 0.003 -24"><span class='ocrx_word' id='word_1_149' title='bbox 70 2037 255 2099; x_wconf 82' lang='lat' dir='ltr'><strong>rovestrum</strong></span> <span class='ocrx_word' id='word_1_150' title='bbox 287 2034 326 2098; x_wconf 92' lang='lat' dir='ltr'><strong>de</strong></span> <span class='ocrx_word' id='word_1_151' title='bbox 359 2057 410 2101; x_wconf 90' lang='lat' dir='ltr'><strong>me</strong></span> <span class='ocrx_word' id='word_1_152' title='bbox 443 2040 634 2121; x_wconf 88' lang='lat' dir='ltr'><strong>conceptum</strong></span> <span class='ocrx_word' id='word_1_153' title='bbox 667 2038 864 2121; x_wconf 85' lang='lat' dir='ltr'><strong>expleretur,</strong></span> <span class='ocrx_word' id='word_1_154' title='bbox 897 2036 982 2120; x_wconf 83' lang='lat' dir='ltr'><strong>apud</strong></span> <span class='ocrx_word' id='word_1_155' title='bbox 1012 2059 1047 2101; x_wconf 86' lang='lat' dir='ltr'><strong>se</strong></span> <span class='ocrx_word' id='word_1_156' title='bbox 1078 2057 1126 2100; x_wconf 90' lang='lat' dir='ltr'><strong>re-</strong></span> 
     </span>
     <span class='ocr_line' id='line_1_22' title="bbox 109 2121 1127 2209; baseline 0.002 -23"><span class='ocrx_word' id='word_1_157' title='bbox 109 2121 241 2187; x_wconf 90' lang='lat' dir='ltr'><strong>tineret.</strong></span> <span class='ocrx_word' id='word_1_158' title='bbox 281 2121 410 2209; x_wconf 83' lang='lat' dir='ltr'><strong>Hospes</strong></span> <span class='ocrx_word' id='word_1_159' title='bbox 438 2146 514 2190; x_wconf 86' lang='lat' dir='ltr'><strong>vero</strong></span> <span class='ocrx_word' id='word_1_160' title='bbox 538 2129 688 2209; x_wconf 86' lang='lat' dir='ltr'><strong>suscepto</strong></span> <span class='ocrx_word' id='word_1_161' title='bbox 711 2122 865 2189; x_wconf 87' lang='lat' dir='ltr'><strong>mandato</strong></span> <span class='ocrx_word' id='word_1_162' title='bbox 830 2122 1059 2207; x_wconf 90' lang='lat' dir='ltr'><strong>timperieli</strong></span> <span class='ocrx_word' id='word_1_163' title='bbox 1082 2122 1127 2188; x_wconf 89' lang='lat' dir='ltr'><strong>di·</strong></span> 
     </span>
     <span class='ocr_line' id='line_1_23' title="bbox 6 2211 1127 2279; baseline 0.002 -5"><span class='ocrx_word' id='word_1_164' title='bbox 6 2219 7 2232; x_wconf 63' lang='lat'><em>*</em></span> <span class='ocrx_word' id='word_1_165' title='bbox 110 2211 221 2276; x_wconf 90' lang='lat' dir='ltr'><strong>missis</strong></span> <span class='ocrx_word' id='word_1_166' title='bbox 244 2211 317 2276; x_wconf 88' lang='lat' dir='ltr'><strong>aliis</strong></span> <span class='ocrx_word' id='word_1_167' title='bbox 341 2213 499 2279; x_wconf 90' lang='lat' dir='ltr'><strong>consociis</strong></span> <span class='ocrx_word' id='word_1_168' title='bbox 521 2214 603 2278; x_wconf 90' lang='lat' dir='ltr'><strong>meis</strong></span> <span class='ocrx_word' id='word_1_169' title='bbox 625 2235 677 2278; x_wconf 92' lang='lat' dir='ltr'><strong>me</strong></span> <span class='ocrx_word' id='word_1_170' title='bbox 700 2212 835 2277; x_wconf 90' lang='lat' dir='ltr'><strong>retinuit</strong></span> <span class='ocrx_word' id='word_1_171' title='bbox 853 2216 887 2277; x_wconf 90' lang='lat' dir='ltr'><strong>et</strong></span> <span class='ocrx_word' id='word_1_172' title='bbox 905 2212 985 2276; x_wconf 91' lang='lat' dir='ltr'><strong>mihi</strong></span> <span class='ocrx_word' id='word_1_173' title='bbox 1003 2211 1127 2276; x_wconf 88' lang='lat' dir='ltr'><strong>furtum</strong></span> 
     </span>
     <span class='ocr_line' id='line_1_24' title="bbox 111 2298 1127 2386; baseline 0 -23"><span class='ocrx_word' id='word_1_174' title='bbox 111 2298 281 2364; x_wconf 91' lang='lat' dir='ltr'><strong>cuiusdam</strong></span> <span class='ocrx_word' id='word_1_175' title='bbox 307 2300 355 2364; x_wconf 89' lang='lat' dir='ltr'><strong>rei</strong></span> <span class='ocrx_word' id='word_1_176' title='bbox 384 2323 475 2386; x_wconf 85' lang='lat' dir='ltr'><strong>suae,</strong></span> <span class='ocrx_word' id='word_1_177' title='bbox 504 2323 600 2385; x_wconf 87' lang='lat' dir='ltr'><strong>quam</strong></span> <span class='ocrx_word' id='word_1_178' title='bbox 628 2302 691 2367; x_wconf 91' lang='lat' dir='ltr'><strong>sibi</strong></span> <span class='ocrx_word' id='word_1_179' title='bbox 719 2301 861 2366; x_wconf 88' lang='lat' dir='ltr'><strong>furatam</strong></span> <span class='ocrx_word' id='word_1_180' title='bbox 890 2301 1041 2382; x_wconf 85' lang='lat' dir='ltr'><strong>asseruit,</strong></span> <span class='ocrx_word' id='word_1_181' title='bbox 1068 2299 1127 2364; x_wconf 87' lang='lat' dir='ltr'><strong>im-</strong></span> 
     </span>
     <span class='ocr_line' id='line_1_25' title="bbox 110 2387 1126 2473; baseline 0.001 -22"><span class='ocrx_word' id='word_1_182' title='bbox 110 2407 235 2470; x_wconf 88' lang='lat' dir='ltr'><strong>ponens</strong></span> <span class='ocrx_word' id='word_1_183' title='bbox 254 2387 293 2452; x_wconf 89' lang='lat' dir='ltr'><strong>de</strong></span> <span class='ocrx_word' id='word_1_184' title='bbox 311 2388 456 2472; x_wconf 87' lang='lat' dir='ltr'><strong>hospitio</strong></span> <span class='ocrx_word' id='word_1_185' title='bbox 477 2410 535 2455; x_wconf 89' lang='lat' dir='ltr'><strong>suo</strong></span> <span class='ocrx_word' id='word_1_186' title='bbox 554 2391 701 2455; x_wconf 89' lang='lat' dir='ltr'><strong>recedere</strong></span> <span class='ocrx_word' id='word_1_187' title='bbox 720 2411 786 2456; x_wconf 91' lang='lat' dir='ltr'><strong>non</strong></span> <span class='ocrx_word' id='word_1_188' title='bbox 804 2389 961 2473; x_wconf 88' lang='lat' dir='ltr'><strong>permisit.</strong></span> <span class='ocrx_word' id='word_1_189' title='bbox 994 2387 1126 2473; x_wconf 87' lang='lat' dir='ltr'><strong>Vosque</strong></span> 
     </span>
     <span class='ocr_line' id='line_1_26' title="bbox 71 2478 1126 2562; baseline 0.006 -26"><span class='ocrx_word' id='word_1_190' title='bbox 71 2495 97 2536; x_wconf 80' lang='lat' dir='ltr'><strong>aa</strong></span> <span class='ocrx_word' id='word_1_191' title='bbox 111 2479 209 2559; x_wconf 87' lang='lat' dir='ltr'><strong>capta</strong></span> <span class='ocrx_word' id='word_1_192' title='bbox 227 2478 474 2560; x_wconf 82' lang='lat' dir='ltr'><strong>opportunitate</strong></span> <span class='ocrx_word' id='word_1_193' title='bbox 493 2478 533 2542; x_wconf 90' lang='lat' dir='ltr'><strong>ad</strong></span> <span class='ocrx_word' id='word_1_194' title='bbox 556 2478 642 2543; x_wconf 90' lang='lat' dir='ltr'><strong>idem</strong></span> <span class='ocrx_word' id='word_1_195' title='bbox 664 2479 845 2562; x_wconf 88' lang='lat' dir='ltr'><strong>hospitium</strong></span> <span class='ocrx_word' id='word_1_196' title='bbox 864 2478 999 2544; x_wconf 85' lang='lat' dir='ltr'><strong>venistis</strong></span> <span class='ocrx_word' id='word_1_197' title='bbox 1022 2479 1056 2542; x_wconf 89' lang='lat' dir='ltr'><strong>et</strong></span> <span class='ocrx_word' id='word_1_198' title='bbox 1074 2498 1126 2542; x_wconf 91' lang='lat' dir='ltr'><strong>me</strong></span> 
     </span>
     <span class='ocr_line' id='line_1_27' title="bbox 109 2564 1125 2650; baseline 0.003 -23"><span class='ocrx_word' id='word_1_199' title='bbox 109 2564 341 2647; x_wconf 84' lang='lat' dir='ltr'><strong>pauperculam</strong></span> <span class='ocrx_word' id='word_1_200' title='bbox 363 2565 442 2631; x_wconf 89' lang='lat' dir='ltr'><strong>flore</strong></span> <span class='ocrx_word' id='word_1_201' title='bbox 464 2566 640 2650; x_wconf 88' lang='lat' dir='ltr'><strong>pudicitiae</strong></span> <span class='ocrx_word' id='word_1_202' title='bbox 663 2588 754 2632; x_wconf 91' lang='lat' dir='ltr'><strong>meae</strong></span> <span class='ocrx_word' id='word_1_203' title='bbox 777 2570 891 2631; x_wconf 87' lang='lat' dir='ltr'><strong>eontra</strong></span> <span class='ocrx_word' id='word_1_204' title='bbox 919 2586 1048 2630; x_wconf 90' lang='lat' dir='ltr'><strong>omnem</strong></span> <span class='ocrx_word' id='word_1_205' title='bbox 1071 2587 1125 2630; x_wconf 81' lang='lat' dir='ltr'><strong>vo-</strong></span> 
     </span>
     <span class='ocr_line' id='line_1_28' title="bbox 110 2652 1126 2739; baseline 0.001 -23"><span class='ocrx_word' id='word_1_206' title='bbox 110 2652 271 2717; x_wconf 86' lang='lat' dir='ltr'><strong>luntatem</strong></span> <span class='ocrx_word' id='word_1_207' title='bbox 284 2674 392 2718; x_wconf 90' lang='lat' dir='ltr'><strong>meam</strong></span> <span class='ocrx_word' id='word_1_208' title='bbox 411 2658 445 2720; x_wconf 91' lang='lat' dir='ltr'><strong>et</strong></span> <span class='ocrx_word' id='word_1_209' title='bbox 463 2655 548 2720; x_wconf 88' lang='lat' dir='ltr'><strong>siout</strong></span> <span class='ocrx_word' id='word_1_210' title='bbox 565 2654 689 2739; x_wconf 85' lang='lat' dir='ltr'><strong>placuit</strong></span> <span class='ocrx_word' id='word_1_211' title='bbox 707 2655 895 2720; x_wconf 86' lang='lat' dir='ltr'><strong>denudastis</strong></span> <span class='ocrx_word' id='word_1_212' title='bbox 915 2659 949 2718; x_wconf 92' lang='lat' dir='ltr'><strong>et</strong></span> <span class='ocrx_word' id='word_1_213' title='bbox 966 2653 1126 2720; x_wconf 81' lang='lat' dir='ltr'><strong>violenter</strong></span> 
     </span>
     <span class='ocr_line' id='line_1_29' title="bbox 110 2741 1126 2827; baseline 0.001 -23"><span class='ocrx_word' id='word_1_214' title='bbox 110 2741 329 2824; x_wconf 90' lang='lat' dir='ltr'><strong>oppressistis.</strong></span> <span class='ocrx_word' id='word_1_215' title='bbox 365 2741 411 2807; x_wconf 80' lang='lat' dir='ltr'><strong>Et</strong></span> <span class='ocrx_word' id='word_1_216' title='bbox 432 2743 468 2807; x_wconf 90' lang='lat' dir='ltr'><strong>in</strong></span> <span class='ocrx_word' id='word_1_217' title='bbox 487 2743 617 2827; x_wconf 80' lang='lat' dir='ltr'><strong>signum</strong></span> <span class='ocrx_word' id='word_1_218' title='bbox 640 2743 726 2827; x_wconf 90' lang='lat' dir='ltr'><strong>quod</strong></span> <span class='ocrx_word' id='word_1_219' title='bbox 744 2743 854 2808; x_wconf 85' lang='lat' dir='ltr'><strong>omnia</strong></span> <span class='ocrx_word' id='word_1_220' title='bbox 876 2743 942 2807; x_wconf 87' lang='lat' dir='ltr'><strong>ieta</strong></span> <span class='ocrx_word' id='word_1_221' title='bbox 960 2763 1037 2806; x_wconf 87' lang='lat' dir='ltr'><strong>vera</strong></span> <span class='ocrx_word' id='word_1_222' title='bbox 1059 2742 1126 2806; x_wconf 87' lang='lat' dir='ltr'><strong>sint</strong></span> 
     </span>
     <span class='ocr_line' id='line_1_30' title="bbox 110 2829 1125 2915; baseline 0.001 -23"><span class='ocrx_word' id='word_1_223' title='bbox 110 2848 183 2892; x_wconf 88' lang='lat' dir='ltr'><strong>eece</strong></span> <span class='ocrx_word' id='word_1_224' title='bbox 215 2829 370 2894; x_wconf 86' lang='lat' dir='ltr'><strong>annulum</strong></span> <span class='ocrx_word' id='word_1_225' title='bbox 401 2835 560 2915; x_wconf 84' lang='lat' dir='ltr'><strong>vestrum,</strong></span> <span class='ocrx_word' id='word_1_226' title='bbox 593 2852 668 2897; x_wconf 89' lang='lat' dir='ltr'><strong>eece</strong></span> <span class='ocrx_word' id='word_1_227' title='bbox 699 2831 866 2896; x_wconf 87' lang='lat' dir='ltr'><strong>humerale</strong></span> <span class='ocrx_word' id='word_1_228' title='bbox 897 2833 1125 2895; x_wconf 88' lang='lat' dir='ltr'><strong>ornamentum</strong></span> 
     </span>
     <span class='ocr_line' id='line_1_31' title="bbox 69 2915 1125 3002; baseline 0.003 -25"><span class='ocrx_word' id='word_1_229' title='bbox 69 2936 97 2976; x_wconf 86' lang='lat' dir='ltr'><strong>ao</strong></span> <span class='ocrx_word' id='word_1_230' title='bbox 110 2915 293 3000; x_wconf 89' lang='lat' dir='ltr'><strong>imperiale,</strong></span> <span class='ocrx_word' id='word_1_231' title='bbox 322 2940 401 3002; x_wconf 88' lang='lat' dir='ltr'><strong>quas</strong></span> <span class='ocrx_word' id='word_1_232' title='bbox 424 2941 476 2983; x_wconf 90' lang='lat' dir='ltr'><strong>res</strong></span> <span class='ocrx_word' id='word_1_233' title='bbox 499 2920 535 2984; x_wconf 91' lang='lat' dir='ltr'><strong>in</strong></span> <span class='ocrx_word' id='word_1_234' title='bbox 561 2919 771 2985; x_wconf 87' lang='lat' dir='ltr'><strong>defloratione</strong></span> <span class='ocrx_word' id='word_1_235' title='bbox 794 2941 867 2984; x_wconf 90' lang='lat' dir='ltr'><strong>mea</strong></span> <span class='ocrx_word' id='word_1_236' title='bbox 890 2918 971 2982; x_wconf 88' lang='lat' dir='ltr'><strong>mihi</strong></span> <span class='ocrx_word' id='word_1_237' title='bbox 993 2918 1125 2983; x_wconf 86' lang='lat' dir='ltr'><strong>amaris-</strong></span> 
     </span>
     <span class='ocr_line' id='line_1_32' title="bbox 111 3004 1125 3092; baseline 0 -23"><span class='ocrx_word' id='word_1_238' title='bbox 111 3004 192 3070; x_wconf 90' lang='lat' dir='ltr'><strong>sime</strong></span> <span class='ocrx_word' id='word_1_239' title='bbox 215 3006 306 3071; x_wconf 88' lang='lat' dir='ltr'><strong>flenti</strong></span> <span class='ocrx_word' id='word_1_240' title='bbox 329 3012 363 3073; x_wconf 91' lang='lat' dir='ltr'><strong>et</strong></span> <span class='ocrx_word' id='word_1_241' title='bbox 386 3007 426 3072; x_wconf 90' lang='lat' dir='ltr'><strong>de</strong></span> <span class='ocrx_word' id='word_1_242' title='bbox 448 3012 636 3092; x_wconf 88' lang='lat' dir='ltr'><strong>perpetrate</strong></span> <span class='ocrx_word' id='word_1_243' title='bbox 659 3009 745 3074; x_wconf 87' lang='lat' dir='ltr'><strong>circa</strong></span> <span class='ocrx_word' id='word_1_244' title='bbox 767 3007 976 3073; x_wconf 85' lang='lat' dir='ltr'><strong>me-nimium</strong></span> <span class='ocrx_word' id='word_1_245' title='bbox 1000 3005 1125 3071; x_wconf 87' lang='lat' dir='ltr'><strong>dolenti</strong></span> 
     </span>
     <span class='ocr_line' id='line_1_33' title="bbox 111 3094 1125 3181; baseline -0.001 -22"><span class='ocrx_word' id='word_1_246' title='bbox 111 3094 252 3179; x_wconf 85' lang='lat' dir='ltr'><strong>quadem</strong></span> <span class='ocrx_word' id='word_1_247' title='bbox 274 3095 397 3179; x_wconf 87' lang='lat' dir='ltr'><strong>pietate</strong></span> <span class='ocrx_word' id='word_1_248' title='bbox 421 3099 528 3161; x_wconf 87' lang='lat' dir='ltr'><strong>motus</strong></span> <span class='ocrx_word' id='word_1_249' title='bbox 554 3096 716 3162; x_wconf 85' lang='lat' dir='ltr'><strong>tribuistis</strong></span> <span class='ocrx_word' id='word_1_250' title='bbox 741 3101 774 3161; x_wconf 87' lang='lat' dir='ltr'><strong>et</strong></span> <span class='ocrx_word' id='word_1_251' title='bbox 796 3118 877 3181; x_wconf 90' lang='lat' dir='ltr'><strong>quas</strong></span> <span class='ocrx_word' id='word_1_252' title='bbox 901 3095 987 3179; x_wconf 87' lang='lat' dir='ltr'><strong>apud</strong></span> <span class='ocrx_word' id='word_1_253' title='bbox 1010 3115 1063 3160; x_wconf 92' lang='lat' dir='ltr'><strong>me</strong></span> <span class='ocrx_word' id='word_1_254' title='bbox 1089 3094 1125 3158; x_wconf 90' lang='lat' dir='ltr'><strong>in</strong></span> 
     </span>
    </p>
   </div>
   <div class='ocr_carea' id='block_1_3' title="bbox 110 3320 1124 3531">
    <p class='ocr_par' dir='ltr' id='par_1_3' title="bbox 110 3320 1124 3530">
     <span class='ocr_line' id='line_1_34' title="bbox 184 3320 1122 3394; baseline 0.002 -20"><span class='ocrx_word' id='word_1_255' title='bbox 184 3327 216 3376; x_wconf 89' lang='lat'><strong>10</strong></span> <span class='ocrx_word' id='word_1_256' title='bbox 230 3322 328 3391; x_wconf 83' lang='lat' dir='ltr'><strong>potest</strong></span> <span class='ocrx_word' id='word_1_257' title='bbox 341 3322 396 3377; x_wconf 82' lang='lat' dir='ltr'><strong>rste</strong></span> <span class='ocrx_word' id='word_1_258' title='bbox 410 3324 449 3390; x_wconf 85' lang='lat' dir='ltr'><strong>D,</strong></span> <span class='ocrx_word' id='word_1_259' title='bbox 466 3322 521 3378; x_wconf 87' lang='lat' dir='ltr'><strong>iste</strong></span> <span class='ocrx_word' id='word_1_260' title='bbox 536 3324 632 3394; x_wconf 87' lang='lat' dir='ltr'><strong>potest</strong></span> <span class='ocrx_word' id='word_1_261' title='bbox 646 3322 682 3377; x_wconf 87' lang='lat' dir='ltr'><strong>F.</strong></span> <span class='ocrx_word' id='word_1_262' title='bbox 753 3328 785 3378; x_wconf 81' lang='lat'><strong>15</strong></span> <span class='ocrx_word' id='word_1_263' title='bbox 799 3322 905 3391; x_wconf 82' lang='lat' dir='ltr'><strong>tyberis</strong></span> <span class='ocrx_word' id='word_1_264' title='bbox 919 3323 959 3390; x_wconf 85' lang='lat' dir='ltr'><strong>D,</strong></span> <span class='ocrx_word' id='word_1_265' title='bbox 972 3321 1071 3376; x_wconf 86' lang='lat' dir='ltr'><strong>tiberis</strong></span> <span class='ocrx_word' id='word_1_266' title='bbox 1087 3320 1122 3376; x_wconf 91' lang='lat' dir='ltr'><em>F.</em></span> 
     </span>
     <span class='ocr_line' id='line_1_35' title="bbox 110 3390 1124 3462; baseline 0.002 -18"><span class='ocrx_word' id='word_1_267' title='bbox 110 3396 145 3448; x_wconf 65' lang='grc' dir='ltr'><strong>ΞΟ</strong></span> <span class='ocrx_word' id='word_1_268' title='bbox 164 3391 199 3446; x_wconf 92' lang='lat' dir='ltr'><strong>de</strong></span> <span class='ocrx_word' id='word_1_269' title='bbox 218 3407 262 3446; x_wconf 90' lang='lat' dir='ltr'><strong>me</strong></span> <span class='ocrx_word' id='word_1_270' title='bbox 281 3393 324 3460; x_wconf 89' lang='lat' dir='ltr'><strong>D,</strong></span> <span class='ocrx_word' id='word_1_271' title='bbox 344 3394 378 3448; x_wconf 90' lang='lat' dir='ltr'><strong>de</strong></span> <span class='ocrx_word' id='word_1_272' title='bbox 396 3411 425 3447; x_wconf 90' lang='lat' dir='ltr'><strong>m</strong></span> <span class='ocrx_word' id='word_1_273' title='bbox 439 3364 1124 3478; x_wconf 77' lang='lat' dir='ltr'><strong>F.esoportu11itnrecodurefiore</strong></span> 
     </span>
     <span class='ocr_line' id='line_1_36' title="bbox 110 3412 1122 3531; baseline -0.002 -13"><span class='ocrx_word' id='word_1_274' title='bbox 110 3463 202 3531; x_wconf 66' lang='lat' dir='ltr'><strong>aad„</strong></span> <span class='ocrx_word' id='word_1_275' title='bbox 220 3433 337 3530; x_wconf 60' lang='lat' dir='ltr'><strong>fortaee’e</strong></span> <span class='ocrx_word' id='word_1_276' title='bbox 354 3465 525 3521; x_wconf 63' lang='lat' dir='ltr'><strong>contendum</strong></span> <span class='ocrx_word' id='word_1_277' title='bbox 543 3469 594 3520; x_wconf 85' lang='lat' dir='ltr'><strong>est:</strong></span> <span class='ocrx_word' id='word_1_278' title='bbox 613 3464 643 3517; x_wconf 92' lang='lat' dir='ltr'><strong>in</strong></span> <span class='ocrx_word' id='word_1_279' title='bbox 644 3412 736 3518; x_wconf 82' lang='lat' dir='ltr'><strong>phore</strong></span> <span class='ocrx_word' id='word_1_280' title='bbox 829 3472 864 3520; x_wconf 80' lang='lat'><strong>30</strong></span> <span class='ocrx_word' id='word_1_281' title='bbox 882 3463 969 3518; x_wconf 89' lang='lat' dir='ltr'><strong>miehi</strong></span> <span class='ocrx_word' id='word_1_282' title='bbox 986 3463 1025 3531; x_wconf 84' lang='lat' dir='ltr'><strong>D,</strong></span> <span class='ocrx_word' id='word_1_283' title='bbox 1045 3457 1071 3513; x_wconf 82' lang='lat' dir='ltr'><strong>ni</strong></span> <span class='ocrx_word' id='word_1_284' title='bbox 1085 3461 1122 3517; x_wconf 92' lang='lat' dir='ltr'><em>F.</em></span> 
     </span>
    </p>
   </div>
   <div class='ocr_carea' id='block_1_4' title="bbox 0 0 1292 3942">
    <p class='ocr_par' dir='ltr' id='par_1_4' title="bbox 0 0 1292 3942">
     <span class='ocr_line' id='line_1_37' title="bbox 0 0 1292 3942; baseline 0 1"><span class='ocrx_word' id='word_1_285' title='bbox 0 0 1292 3942; x_wconf 95' lang='lat' dir='ltr'><strong> </strong></span> 
     </span>
    </p>
   </div>
  </div>
 </body>
</html>
