2576 3942
475 195 715 283 '-11-

88 378 234 443 lissimis
267 379 403 464 gemmis
437 378 717 463 sumptuosissime
750 381 944 464 composita,
977 402 1114 465 quorum

88 468 243 532 valorem
265 467 320 532 vix
342 489 406 534 una
429 487 549 552 magna
574 467 683 551 patria
704 488 914 552 compensare
943 469 1113 554 potuisset,

90 556 137 620 ad
156 555 251 621 illum
269 556 375 639 finem,
392 559 439 640 ut,
458 557 486 621 si
504 556 693 640 inopinatus
711 556 891 622 horrendae
910 557 1112 623 infelicitatis

89 648 247 727 eventus,
275 645 360 728 quod
388 645 489 728 absit,
516 643 676 728 eveniret,
704 649 760 710 aut
784 666 817 710 sa
841 647 1004 731 ingereret
1026 647 1113 712 rotis

53 733 168 806 seius
191 733 244 797 vel
267 733 296 798 si
323 732 464 798 fortasse
486 736 681 799 mercatores
709 734 775 817 ipsi
798 734 943 818 aliquam
964 733 1114 800 fraudem

89 823 147 887 vel
175 821 400 905 deceptionem
427 822 657 906 inpermissam
687 821 918 888 confinxissent
948 827 1005 888 aut
1035 845 1113 909 quo-

89 931 222 993 cunque
241 910 337 976 modo
357 931 451 976 casus
469 910 673 976 necessitatis
690 911 743 976 vel
760 911 896 995 periculi
915 910 1113 995 accederent,

90 999 171 1082 ipsa
190 997 228 1063 de
248 997 409 1064 dictorum
428 1000 635 1066 enceniorum
653 999 759 1083 pretio
783 999 848 1064 sibi
869 1004 981 1084 posset
1006 999 1113 1085 quoad

89 1088 183 1152 vitas
198 1088 470 1153 sustentationem
480 1089 647 1154 consulere
662 1109 700 1152 ac
714 1088 814 1152 etiam
827 1088 962 1172 provide
975 1111 1112 1173 pauper·

16 1211 21 1220 ·
41 1176 177 1243 rotatis
200 1176 313 1259 iugum
334 1197 354 1240 a
373 1197 407 1240 se
430 1176 589 1242 discutere
607 1178 640 1241 et
662 1176 790 1260 fugare,
813 1177 983 1260 impellens
1006 1178 1112 1262 ipsam

91 1263 218 1329 seriose
246 1266 279 1328 et
306 1264 452 1330 districte
479 1267 517 1330 ut
543 1264 631 1329 dieta
658 1265 790 1330 encenia
816 1265 901 1347 apud
929 1285 963 1329 se
985 1265 1033 1331 ita
1056 1267 1111 1331 ab·

91 1352 269 1418 scondsret
292 1374 330 1418 ac
353 1353 452 1418 etiam
476 1353 667 1436 occultaret,
690 1353 860 1436 quodnisi
884 1374 976 1418 casus
1000 1358 1111 1420 tantae

88 1441 303 1506 necessitatis
331 1442 511 1524 accederet,
538 1443 576 1506 ut
598 1440 758 1524 praedixi,
782 1441 867 1505 nulli
888 1463 1031 1525 unquam
1053 1442 1111 1508 ho·

90 1529 179 1594 mini
201 1530 324 1595 viventi
353 1530 392 1594 da
414 1529 466 1594 his
490 1551 590 1594 uuum
613 1529 747 1595 verbum
775 1529 1001 1613 quoquomodo
1024 1551 1111 1596 reve·

43 1645 73 1686 15
90 1620 187 1683 laret.
232 1617 325 1694 Quod
353 1639 387 1682 se
413 1619 486 1702 ipsa
507 1619 575 1684 filia
601 1617 762 1683 iacturam
786 1618 917 1683 omnino
942 1619 1040 1684 matri
1063 1641 1111 1684 re-

116 1707 256 1771 remisit.

90 1731 115 1791 p
176 1793 311 1871 Quibus
328 1795 478 1860 omnibus
497 1795 545 1860 sic
558 1795 700 1878 peractis
718 1799 751 1860 et'
768 1796 820 1860 die
840 1796 881 1860 ad
898 1795 1110 1862 recedendum
1123 1792 1164 1856 16

90 1883 240 1968 praefixa
263 1883 451 1948 adveniente
475 1886 672 1949 mercatores
698 1884 855 1968 praedicti
881 1885 1111 1969 imperatorem

92 1973 245 2036 adierunt
272 1970 414 2036 dicentes
442 1972 613 2056 ipsumque
639 1975 793 2055 rogantes
821 1976 857 2038 ut
884 1995 942 2038 eos
963 1972 1111 2038 recedere

46 2088 76 2128 so
92 2059 301 2144 permitteret
333 2063 366 2124 et
397 2059 603 2143 imperatoris
635 2059 775 2126 Romani
806 2061 910 2125 filium
941 2083 1007 2125 una
1039 2082 1112 2126 cum

93 2150 165 2214 eius
188 2148 333 2213 filiasue
353 2148 490 2231 coniuge
512 2148 694 2213 remitteret
717 2149 802 2213 sicut
825 2148 866 2213 ab
888 2147 983 2213 initio
1006 2148 1113 2214 fuerat

93 2237 280 2302 ordinatum
295 2240 488 2320 asserentes,
506 2236 593 2319 quod
611 2240 740 2321 tempus
758 2237 961 2302 recudendis
978 2237 1110 2303 domino

93 2347 162 2390 suo
180 2325 244 2390 sibi
266 2325 445 2408 praefixum
467 2325 619 2408 instaret,
644 2325 730 2408 quod
748 2325 885 2391 ulterius
904 2325 1033 2390 tardare
1053 2326 1111 2391 ali·

93 2413 238 2498 qualiter
269 2435 336 2478 non
364 2413 528 2479 auderent.
573 2411 754 2497 Imperator
783 2436 859 2479 vero
887 2415 949 2479 hoe
977 2414 1111 2480 audiens

46 2529 76 2568 25
92 2503 198 2566 filiam
231 2523 323 2567 suam
350 2523 415 2567 una
443 2523 515 2568 curn
547 2523 606 2566 suo
640 2523 759 2585 sponso
789 2502 869 2585 ipsis
902 2502 1039 2568 tradidit
1071 2503 1112 2567 ad

91 2590 235 2654 Romam
252 2591 366 2655 urbem
384 2589 629 2674 perducendam.
666 2587 749 2654 Ouru
768 2593 878 2655 autem
903 2591 1110 2675 imperatoris

91 2679 165 2742 filia
188 2678 228 2742 ad
251 2682 396 2762 portum,
419 2678 477 2742 ubi
499 2699 613 2761 naves,
636 2679 754 2762 quibus
777 2679 818 2742 ad
836 2678 974 2744 Romam
996 2680 1111 2744 urbem

91 2766 262 2831 transvehi
295 2765 448 2850 debebat,
480 2767 715 2850 consistebant,
744 2767 926 2849 duceretur,
956 2770 1049 2849 pater
1078 2771 1111 2832 et

93 2858 200 2919 mater
222 2855 328 2938 ipsam
351 2855 550 2920 associantes
574 2858 750 2939 coeperunt
772 2877 869 2938 super
890 2854 997 2937 ipsam
1019 2855 1110 2939 plan-

48 2967 77 3007 80
93 2963 171 3028 gere
185 2943 339 3098 ’1311111111
353 2943 795 3115 11111111011119111111111111111,
813 3032 923 3095 lumen
942 3032 1110 3098 oculorum
1121 3029 1162 3092 17

90 3123 297 3204 nostrorum,
321 3121 496 3186 senectutis
517 3123 649 3185 nostrae
672 3120 821 3204 baculus,
847 3119 977 3204 imperii
1003 3121 1109 3188 nostri

167 3281 185 3329 4
208 3291 237 3329 se
256 3292 311 3345 pro
334 3275 372 3344 si,
396 3277 468 3346 quod
490 3277 685 3344 1111οᾱ11111,
710 3277 818 3330 10111111.
891 3283 907 3331 9
930 3276 1048 3346 provide
1071 3278 1110 3344 D,

93 3347 169 3416 quod
192 3345 366 3416 providendo
388 3347 546 3418 acciacae
568 3347 691 3414 videtum
712 3346 858 3416 proprium
880 3347 916 3404 F.
1009 3356 1042 3403 10
1060 3348 1111 3401 im·

94 3417 205 3487 pellens
230 3419 346 3484 macr,
370 3416 523 3488 prohibens
549 3417 624 3472 codd.
704 3424 738 3472 14
761 3417 817 3472 hiis
842 3419 918 3474 codd.
996 3424 1030 3473 19
1056 3435 1110 3488 que

94 3504 147 3544 om.
166 3488 202 3543 F.
275 3495 309 3543 22
328 3489 439 3558 tempus
458 3489 500 3557 D,
518 3488 645 3556 tempore
664 3487 700 3542 F.
773 3493 807 3544 28
825 3488 951 3544 transvei
970 3489 1006 3543 F.
