2576 3942
196 1067 231 1134 si
244 1068 429 1134 litterarum
444 1069 651 1153 antiquarum
660 1069 805 1154 cognitio
818 1069 909 1134 nulla
922 1070 1121 1138 incrementa

105 1161 234 1241 caperet
255 1157 321 1222 nisi
344 1179 381 1221 ex
406 1157 450 1222 eis
475 1158 777 1242 scriptoribus,'qui
794 1179 868 1222 raro
891 1159 1073 1226 admodum·
1087 1167 1121 1226 et

106 1247 234 1330 magnis
252 1246 435 1311 intervallis
455 1267 495 1310 ex
512 1245 785 1312 bibliothecarum
801 1247 944 1312 tenebris
962 1248 998 1312 in
1015 1248 1119 1316 lucem

106 1335 325 1418 proferantur,
353 1335 503 1400 imminui
531 1339 644 1401 contra
669 1335 866 1419 crederetur,
893 1337 1119 1420 quotienscun-

105 1445 168 1506 que
189 1423 274 1488 liber
300 1423 417 1508 aliquis
441 1424 482 1490 ab
507 1445 544 1488 eo
568 1424 620 1488 oui
650 1423 834 1488 adscribere
858 1426 1118 1492 consueverimus

105 1511 231 1578 auctori
252 1512 462 1596 abiudicetur,
481 1513 658 1576 maximum
676 1512 823 1578 futurum
842 1534 912 1578 esse
930 1514 1119 1599 periculum,

103 1621 144 1663 ne
167 1603 299 1664 nostrae
323 1601 438 1665 aetatis
461 1600 622 1686 philologi
646 1601 754 1684 potius
773 1602 998 1666 retrocessisse
1022 1625 1118 1687 quarn

104 1689 230 1773 priores
254 1710 423 1772 superasse
446 1689 630 1754 videremur
652 1690 832 1756 rectissime
860 1690 1017 1773 scriptum
1040 1691 1119 1776 legi-

103 1799 175 1841 mus
190 1776 226 1840 in
240 1777 358 1842 eximia
373 1777 582 1860 Wolfflini,
596 1777 659 1843 viri
673 1778 864 1862 doctissimi,
882 1779 1119 1860 dissertatione,

103 1869 260 1949 quaeest
283 1865 321 1931 de
343 1865 380 1932 L.
402 1865 531 1932 Annaei
554 1863 694 1934 Senecae
717 1866 859 1932 monitis.
902 1866 1009 1942 Quare
1032 1867 1118 1933 haud

103 1953 262 2018 absonum
278 1953 373 2018 -mihi
406 1954 512 2020 visum
541 1957 590 2019 est
623 1955 830 2038 antiquitatis
859 1955 967 2020 studia
997 1956 1118 2022 librum

103 2041 263 2125 quendam
287 2042 451 2108 oblivione
479 2064 613 2126 prorsus
641 2043 792 2108 obrutum
818 2044 938 2108 edendo
961 2066 1020 2127 pro
1044 2067 1118 2110 mea

19 2133 22 2140 ’
102 2135 194 2212 parte
208 2152 409 2215 promovere,
428 2153 524 2216 quem
540 2132 569 2202 si
587 2132 643 2216 qui
661 2134 795 2216 propter
814 2131 941 2200 dicendi
957 2133 1117 2198 rationem

102 2218 142 2282 ab
175 2219 308 2301 optimis
336 2219 551 2303 scriptoribus
582 2223 740 2284 remotam
773 2219 866 2304 parvi
898 2221 1118 2286 aestimabunt

102 2327 196 2389 spero
219 2307 367 2372 futurum
390 2330 460 2374 erse
483 2309 597 2373 utilem
622 2308 717 2373 etad
741 2307 870 2374 litteras
890 2310 1041 2392 antiquas
1066 2331 1118 2373 ec-

101 2395 242 2460 curatius
267 2418 366 2480 quam
389 2396 494 2462 adhuc
517 2397 588 2460 fieri
615 2397 723 2480 potuit
746 2397 996 2480 perscrutandas
1020 2400 1053 2462 et
1076 2398 1116 2461 ed

99 2481 227 2548 fabulas
265 2484 381 2548 melius
419 2484 666 2569 intellegendas,
704 2508 784 2570 quas
822 2485 862 2550 de
899 2482 1116 2550 Constantino

100 2569 221 2654 Magno
250 2573 382 2658 eiusque
410 2577 514 2638 matre
541 2575 660 2639 iterum
683 2574 863 2658 iterumque
888 2574 1118 2659 excogitabant

100 2680 210 2726 novas.

188 2747 275 2814 Nam
303 2753 340 2814 ut
367 2753 473 2815 cetera
496 2751 658 2833 omittam,
686 2771 738 2833 ea,
764 2772 846 2835 quae
869 2747 984 2814 Suidas
1008 2749 1063 2834 (II,
1085 2773 1116 2834 p.

102 2836 167 2901 382
195 2837 244 2901 cd.
271 2835 474 2921 Bernhardy)
503 2839 542 2903 de
574 2839 757 2904 rationibus
790 2839 985 2923 quibusdam
1020 2839 1116 2904 nobis

100 2924 248 3009 tradidit,
284 2927 402 3010 quibus
441 2923 652 2992 Constantius
692 2924 828 2991 Chlorus
866 2924 1116 2992 Constantinum

100 3012 204 3076 filium
223 3035 316 3080 suurn
335 3015 526 3099 cognovisse
546 3015 672 3094 dicitur,
693 3037 732 3080 ex
751 3016 797 3080 eis
817 3015 920 3100 libris,
938 3016 994 3098 qui
1012 3015 1117 3081 adhuc

101 3099 139 3164 de
168 3101 220 3166 his
249 3103 327 3168 viris
358 3103 481 3186 publici
510 3103 589 3168 iuris
617 3103 698 3168 facti
725 3106 814 3187 sunt,
842 3103 991 3186 intellegi
1018 3103 1116 3187 plane

99 3209 164 3254 non
201 3194 360 3273 poterant.
410 3190 505 3258 Nunc
536 3213 611 3256 vero
648 3191 730 3256 illud
762 3189 879 3256 Suidce
915 3189 1117 3276 γνωρισθεὶς

100 3273 138 3340 δὲ
160 3279 206 3365 τῷ
229 3277 328 3363 πατρὶ
351 3276 435 3345 κατά
457 3303 551 3356 τινας
574 3283 764 3363 γνωρίμους
784 3276 929 3363 τρόπους
951 3283 999 3346 ite
1017 3283 1116 3346 inter·

99 3366 223 3446 preteri
247 3367 336 3452 licet,
362 3373 399 3434 nt
423 3369 452 3434 si
474 3391 542 3434 non
566 3369 699 3434 eandem
727 3367 868 3434 similem
896 3373 982 3434 certe
1005 3391 1116 3434 narre-

99 3447 223 3519 tionem
250 3453 366 3522 Suidas
391 3461 466 3522 ante
486 3457 597 3523 oculos
620 3456 774 3522 habuisse
792 3457 919 3522 dicatur
942 3460 1039 3542 etque
1061 3458 1115 3522 hic
