2576 3942
587 196 803 260 ..16-

188 358 225 421 in
256 355 363 420 insula
394 354 605 440 dormientea;
637 354 702 439 ipsi
732 377 793 419 nos
825 375 890 418 una
922 373 994 417 oum
1027 350 1068 415 iis
1104 371 1206 415 naves

188 447 330 509 intrasse
352 443 491 509 fortasse
515 444 681 508 credentes
700 444 796 509 nobis
818 441 872 506 hio
895 439 1135 506 dormientibus
1157 461 1208 503 re·

188 533 273 598 lictis
296 530 518 598 recesserunt'.

134 615 180 682 25
278 620 328 686 De
359 621 503 685 tentorio
536 641 676 704 quoque,
707 621 743 685 in
775 641 838 704 quo
870 619 933 701 ipsi
965 619 1121 702 coniuges
1149 639 1209 701 per

190 714 321 776 noctem
352 709 564 792 dormierant,
596 730 634 772 ac
666 730 776 773 eorum
809 707 966 772 universis
998 706 1236 771 lectisterniiss

193 800 316 883 capetis
344 803 378 862 et
405 797 617 882 apparatibus
645 797 798 880 pretiosis
827 801 860 860 et
885 795 1052 860 nobilibus
1082 795 1212 859 nullam

192 889 323 972 penitus
347 887 543 951 mentionem
561 885 666 950 facere
686 886 758 949 ausi
775 885 905 948 fuerunt
926 884 1092 966 timentes,
1115 884 1212 968 quod,

193 977 222 1041 si
245 976 394 1041 homines
417 974 467 1039 illi
489 995 541 1039 res
563 972 750 1038 huiusmodi
774 983 806 1037 et
829 994 942 1037 earum
968 972 1211 1056 pretiositatem
1255 981 1256 1004 ³

193 1064 354 1142 viderent,
390 1083 459 1126 rem
491 1062 540 1126 ita
571 1082 642 1126 esse
674 1062 758 1126 siout
791 1061 986 1126 rettulerant
1021 1060 1210 1124 nullatenus

193 1151 417 1216 existimantes
441 1149 480 1214 de
504 1151 545 1215 iis
568 1150 708 1216 fortasse
727 1150 824 1214 aliter
842 1150 987 1214 facerent
1005 1170 1106 1232 quam
1128 1149 1210 1233 ipsis
1226 1167 1257 1208 10}

193 1243 228 1304 et
253 1239 391 1303 utilitati
419 1259 530 1303 eorum
554 1238 752 1322 conveniret3
782 1259 918 1321 quorum
941 1238 1059 1302 timore
1082 1238 1149 1320 ipsi
1171 1237 1211 1302 de
1256 1271 1257 1300 ;

192 1325 367 1412 praedictis
390 1326 600 1391 lectisterniis
624 1335 657 1390 et
683 1327 781 1391 rebus
805 1325 995 1408 simpliciter
1019 1329 1053 1390 et
1077 1326 1211 1390 omnino

192 1419 365 1480 tacuerunt
389 1417 422 1479 et
444 1436 499 1479 eas
522 1415 654 1498 perdere
674 1419 706 1480 et
729 1415 776 1479 ibi
795 1415 959 1478 dimittere
978 1414 1088 1497 potius
1112 1436 1212 1498 quam

191 1504 358 1588 periculis,
386 1526 468 1588 quae
492 1503 695 1586 expeditione
720 1504 865 1586 ipsarum
890 1503 1017 1568 evenire
1040 1503 1212 1584 timebant,

192 1615 227 1658 se
260 1593 451 1656 submittere
483 1591 700 1656 decrevenmt.
750 1590 908 1656 Homines
942 1595 1052 1655 autem
1088 1590 1140 1654 illi
1179 1595 1212 1654 et
1226 1609 1247 1648 1⁵

192 1681 324 1746 navium
348 1679 522 1744 eorundem
544 1679 676 1763 patroni
698 1679 846 1744 videntes
874 1681 962 1763 ipsos
986 1684 1056 1743 tam
1078 1678 1212 1743 iuvenes
1257 1721 1258 1728 κ

193 1773 228 1833 et
250 1769 434 1852 praeclaros
457 1789 518 1832 nec
541 1768 706 1833 credentes
726 1789 781 1832 eos
805 1767 938 1850 aliquod
960 1767 1113 1832 fictitium
1137 1788 1213 1831 con-

192 1859 314 1941 fingere
334 1857 415 1920 scire
434 1857 491 1920 sed
509 1878 578 1920 rem
601 1857 649 1920 ita
667 1877 737 1920 esse
758 1856 842 1920 sicut
863 1856 1058 1920 rettulerant
1077 1856 1212 1921 omnino

195 1944 408 2009 aestimantes
428 1944 531 2009 dictos
547 1945 701 2028 coniuges
717 1944 937 2008 misericordia
952 1945 1033 2008 moti
1053 1943 1094 2007 ad
1112 1965 1211 2009 naves

194 2055 270 2097 suas
299 2032 511 2116 suscipientes
539 2053 640 2116 usque
668 2032 708 2096 ad
740 2038 871 2116 portum
901 2032 1138 2117 Romanorum,
1172 2033 1248 2097 ada

195 2143 291 2207 quem
314 2126 385 2186 tum
409 2122 491 2187 alias
514 2121 594 2186 ituri
617 2125 724 2205 erant,
747 2141 856 2186 seeum
879 2121 1105 2205 perduxerunt

139 2205 183 2271 26
284 2209 366 2275 Cum
381 2213 489 2274 autem
503 2209 543 2276 ad
557 2208 696 2275 Romam
709 2209 943 2293 pervenissent,
962 2209 1067 2294 gavisi
1080 2209 1213 2273 fuerunt

195 2298 313 2384 gaudio
342 2319 461 2382 magno
489 2297 583 2362 valde
608 2301 641 2362 et
668 2297 763 2362 deum
791 2298 826 2362 in
848 2298 999 2362 cordibus
1024 2297 1091 2362 suis
1117 2298 1214 2362 bene·

194 2389 336 2452 dieentes
356 2386 518 2451 dixerunt:
543 2384 705 2468 ‘Domine
724 2386 801 2451 deus
822 2387 1038 2469 omnipotens,
1057 2386 1114 2469 qui
1131 2408 1213 2450 nun·

195 2497 293 2560 quam
320 2474 439 2539 deseris
470 2477 638 2557 sperantes
662 2473 696 2538 in
720 2480 766 2555 te,
794 2473 856 2538 tibi
884 2475 1007 2558 gratias
1031 2474 1213 2558 referimus,
1227 2491 1249 2531 2⁵

195 2564 252 2647 qui
274 2584 334 2627 nos
358 2561 397 2626 de
420 2566 525 2627 morte
549 2562 589 2627 ad
612 2563 726 2646 vitam,
750 2562 789 2625 de
807 2562 960 2645 periculis
983 2562 1212 2646 nauigantium

195 2652 237 2715 ad
260 2649 426 2714 felicitatis
450 2655 595 2734 portum,
622 2651 662 2715 de
689 2649 896 2715 damnatione
920 2650 1070 2714 adriam
1093 2651 1210 2715 salutis

195 2738 383 2822 perduxisti.
421 2737 501 2813 Quis
520 2739 607 2804 enim
625 2760 780 2822 umquam
799 2739 942 2820 speravit
959 2738 996 2801 in
1013 2742 1060 2821 ts,
1079 2739 1134 2822 qui
1154 2762 1211 2822 spe

195 2849 255 2893 sua
276 2827 432 2891 frustrata
455 2829 603 2910 optatum
625 2849 691 2891 non
714 2827 920 2909 consequitur
938 2826 1123 2891 intentum?
1160 2825 1211 2891 De

195 2916 261 2979 isto
284 2936 343 2979 neo
361 2914 470 2998 aliqua
487 2915 722 2999 scripturarum
739 2917 850 2979 narrat
868 2914 1007 2979 historia
1026 2936 1085 2979 neo
1104 2915 1210 2979 cuius·
1224 2933 1251 2971 ³0

196 3024 322 3087 cunque
345 3003 486 3067 viventis
509 3003 648 3068 refertur
672 3025 742 3068 esse
765 3002 942 3067 memoria'.
986 3002 1032 3066 Et
1054 3024 1127 3067 cum
1149 3002 1214 3086 ipsi

197 3092 237 3156 ad
256 3095 389 3176 portum
407 3094 443 3155 ut
460 3092 606 3174 praedixi
625 3091 872 3176 applicuissent,
895 3096 1048 3156 exeuntes
1067 3091 1106 3156 de
1124 3094 1213 3156 navi·

197 3179 259 3243 bus
284 3184 317 3244 et
340 3180 448 3244 soluto
471 3180 569 3244 naulo
593 3181 660 3245 suis
685 3200 757 3244 cum
781 3180 962 3264 gratiarum
981 3180 1108 3244 actione
1126 3180 1213 3244 vale-

197 3268 348 3332 dixerunt
376 3268 532 3351 patronis.
576 3268 622 3333 Et
652 3268 790 3353 ingressi
823 3269 937 3334 urbem
964 3267 1102 3333 Romam
1130 3266 1213 3334 Con·

270 3464 304 3512 27
323 3458 523 3527 dampnatione
542 3460 618 3514 codd.
