2576 3942
566 228 850 294 -6-ν

159 393 192 455 et
211 389 352 474 amplius
370 389 405 452 in
423 387 547 453 deliciis
567 388 792 454 educaverunt
823 385 910 452 Puer
926 389 1035 452 autem
1053 385 1173 470 puerili

158 499 248 545 more
271 478 312 544 de
333 479 428 542 tanta
449 476 677 560 procuratione
699 475 782 539 bene
810 478 982 540 contentus
1006 474 1045 538 da
1068 477 1173 540 matre

158 567 319 632 modicum
344 565 584 632 sollicitabatur
606 585 665 629 nec
688 563 822 629 curavit.

123 653 142 718 8
245 653 353 721 Mater
378 675 454 719 vero
483 654 605 719 amisso
632 652 700 716 filio
728 653 836 736 coepit
863 652 941 718 fiere
968 651 1173 718 amarissime

159 747 193 809 et
208 743 317 809 dolere
336 746 369 808 et
386 743 540 828 plangere
559 742 694 827 planctu
711 762 832 825 magno
851 739 973 806 dicens:
997 739 1036 806 ‘0
1051 741 1096 805 mi
1115 740 1202 824 fili,⁵

155 835 351 986 {bellet
372 829 1046 984 ttttttltltltltutttllt
1062 831 1175 983 silim

158 1013 292 1092 propter
324 1010 357 1072 te
390 1008 506 1073 orbata
538 1007 700 1072 solatione
731 1009 839 1071 tecum
874 1007 909 1070 in
945 1007 1043 1082 exilio
1070 1007 1175 1072 vitam

157 1097 251 1160 finire
279 1095 463 1162 deliberavi.
510 1095 605 1161 Nunc
632 1098 741 1160 autem
769 1115 831 1182 ego
858 1095 1056 1181 paupercule
1084 1097 1176 1161 omni

156 1183 274 1250 horum
293 1205 351 1268 ape
370 1183 527 1249 destituta
546 1203 609 1268 quo
627 1183 809 1249 divertam?
841 1181 894 1247 Ad
913 1185 1053 1267 patriam
1067 1184 1174 1250 redire
1189 1201 1217 1240 1⁰

158 1276 191 1337 et
209 1272 258 1337 ibi
276 1273 361 1337 inter
380 1272 502 1338 amicos
516 1272 619 1338 vitam
633 1273 721 1338 omni
739 1271 861 1337 solacio
881 1271 1038 1338 destituta
1057 1271 1174 1338 ducere

158 1360 237 1444 quid
269 1360 358 1425 aliud
390 1364 476 1426 esset
507 1383 605 1446 quam
636 1361 734 1426 morti
769 1359 894 1426 aditum
922 1361 1055 1426 cottidie
1082 1383 1175 1445 pras-

156 1449 296 1532 perare?
336 1448 453 1514 Melius
482 1452 532 1514 est
559 1449 641 1513 mihi
667 1449 754 1514 inter
778 1449 909 1534 ignotos
940 1452 973 1514 et
1002 1452 1173 1515 extraneos

155 1538 271 1602 mortis
294 1537 467 1620 imperium
490 1536 698 1620 praestolari,
725 1559 807 1622 quae
830 1541 869 1602 ut
895 1559 990 1622 spero
1013 1537 1068 1603 hic
1090 1537 1173 1603 mihi

156 1626 252 1690 eitius
271 1625 386 1709 rapiet,
404 1626 461 1690 ubi
479 1625 569 1689 nullo
588 1625 715 1690 reficior
733 1625 863 1709 solacio,
887 1647 984 1710 quam
1005 1626 1213 1710 inpertiam

154 1714 213 1779 ubi
241 1714 380 1780 fortasse
410 1714 520 1798 aliquo
551 1713 730 1778 amicorum
762 1713 873 1778 adiuta
905 1714 1069 1798 praesidio
1101 1715 1171 1780 eius

154 1823 285 1886 possem
315 1799 438 1867 diutius
469 1801 642 1867 adventum
670 1800 894 1884 praestolare’.
935 1802 997 1868 His
1029 1806 1062 1868 et
1089 1803 1172 1868 eius-

156 1890 244 1955 modi
271 1889 457 1974 planctibus
485 1890 603 1955 fortius
632 1893 665 1954 et
694 1889 823 1974 saepius
852 1891 1010 1956 revolatis
1040 1891 1172 1956 tandem

155 1979 352 2062 paupercula
388 1977 427 2042 de
467 1978 527 2042 filii
558 1979 803 2061 recuperatione
840 1979 1011 2064 desperata
1046 1981 1171 2045 victum

156 2067 320 2151 manibus,
350 2069 388 2131 ut
410 2065 500 2150 prius
524 2069 748 2150 consueverat,
772 2067 932 2150 quaesivit
956 2071 988 2133 et
1011 2069 1112 2134 vitam
1135 2070 1171 2132 in
1181 2074 1214 2126 {a

156 2155 308 2221 continuo
336 2155 470 2239 planctu
496 2159 531 2221 et
554 2177 700 2221 maerore
726 2176 785 2239 per
811 2156 920 2238 plures
944 2177 1046 2222 annos
1069 2156 1170 2220 duxit.

120 2241 140 2305 9
244 2243 389 2308 Tandem
416 2243 547 2327 reprobi
575 2246 770 2309 mercatores
803 2244 961 2327 praedicti
988 2246 1172 2329 cogitatum

155 2352 249 2396 suum
272 2331 452 2415 malignum
476 2331 516 2395 ad
539 2331 689 2396 effectum
716 2331 889 2415 perducere
913 2337 1100 2417 satagentes
1123 2355 1173 2398 re-

155 2420 291 2484 collecta
322 2419 453 2484 navium
491 2419 699 2484 multitudine
735 2419 774 2484 ad
808 2425 940 2504 portum
974 2420 1172 2487 Graecorum

155 2507 322 2591 applicant
356 2507 466 2590 ibique
502 2504 755 2572 Constantinum
791 2531 927 2592 puerum
967 2509 1171 2593 praedictum
1185 2522 1213 2564 ²⁵

154 2595 299 2660 vestibus
337 2595 535 2661 ornamentis
572 2599 605 2660 et
637 2597 849 2680 apparatibus
881 2598 981 2682 regiis
1013 2598 1171 2663 amictum

155 2705 264 2749 secum
297 2683 499 2750 adduxerunt
532 2687 564 2748 et
595 2685 727 2750 nuntios
761 2685 817 2768 qui
849 2685 1024 2751 adventum
1056 2708 1171 2752 eorum

155 2793 228 2860 eum
260 2772 347 2839 dicto
378 2793 479 2856 puero
513 2771 703 2856 imperatori
739 2771 936 2839 Graecorum
972 2775 1171 2858 nuntiarent,

226 3005 242 3054 6
262 2997 400 3068 dereliqui
418 2999 456 3066 F,
475 2997 583 3068 deliqui
600 2999 637 3054 D.
711 3006 727 3053 7
747 2997 805 3053 ullo
824 3001 882 3070 ipse
900 3001 1011 3056 condet
1044 3005 1123 3055 affl
1141 2999 1172 3054 D

155 3071 298 3140 (animer),
318 3077 335 3125 a
353 3067 437 3124 modo
457 3069 492 3126 F.
525 3069 669 3135 Fortasse,
693 3070 774 3124 etiam
794 3071 936 3126 ratmunt
954 3072 1093 3141 positione
1111 3087 1171 3126 ma-

154 3146 215 3197 tatc
238 3143 278 3196 sic
299 3142 472 3198 scribendam
494 3145 545 3194 est:
570 3155 628 3194 non
652 3138 749 3194 curavi
770 3141 829 3194 ullo
852 3141 938 3196 modo
958 3139 1063 3196 videre.
1137 3147 1171 3196 12

155 3209 283 3264 additum
296 3213 373 3266 codd.
446 3209 564 3264 cottidie
579 3211 655 3266 codd.
729 3212 855 3266 14et15
874 3212 962 3268 Verbo
979 3211 1026 3266 hic
1044 3210 1116 3265 mihi
1135 3242 1170 3252 -

155 3297 239 3350 quam
257 3297 307 3337 om.
327 3280 362 3336 F.
455 3287 488 3336 17
512 3279 685 3350 praestolare
709 3283 785 3337 codd.
808 3283 925 3348 fortasse
946 3284 1028 3338 eam
1046 3283 1172 3338 hocloco

154 3357 186 3407 ut
203 3368 290 3421 capre
307 3353 481 3407 scabendum
498 3357 537 3406 est
553 3351 730 3422 praestolari.
751 3383 783 3392 -
803 3352 865 3406 Hiis
885 3353 962 3408 codd.
1045 3355 1091 3422 23)
1106 3358 1173 3422 poet

154 3423 297 3476 recolecta
315 3422 346 3477 F
366 3421 397 3476 in
414 3422 512 3478 emerit
530 3424 602 3492 qaod
619 3423 691 3478 deest
708 3423 741 3478 ia
759 3423 796 3476 D.
887 3429 921 3478 27
939 3421 1074 3478 nunccios
1093 3423 1170 3480 codd.

154 3499 189 3548 28
208 3491 391 3548 nuncciarent
408 3493 485 3550 codd.
