<?xml version="1.0" encoding="UTF-8"?>
<!DOCTYPE html PUBLIC "-//W3C//DTD XHTML 1.0 Transitional//EN"
    "http://www.w3.org/TR/xhtml1/DTD/xhtml1-transitional.dtd">
<html xmlns="http://www.w3.org/1999/xhtml" xml:lang="en" lang="en">
 <head>
  <title>
</title>
<meta http-equiv="Content-Type" content="text/html;charset=utf-8" />
  <meta name='ocr-system' content='tesseract 3.04.00' />
  <meta name='ocr-capabilities' content='ocr_page ocr_carea ocr_par ocr_line ocrx_word'/>
</head>
<body>
  <div class='ocr_page' id='page_1' title='image "./incertiauctoris02heydgoog_0039.png"; bbox 0 0 2576 3942; ppageno 0'>
   <div class='ocr_carea' id='block_1_1' title="bbox 468 165 771 256">
    <p class='ocr_par' dir='ltr' id='par_1_1' title="bbox 468 165 771 256">
     <span class='ocr_line' id='line_1_1' title="bbox 468 165 771 256; baseline 0 -25"><span class='ocrx_word' id='word_1_1' title='bbox 468 165 771 256; x_wconf 70' lang='grc' dir='ltr'><strong>Ι--26-</strong></span> 
     </span>
    </p>
   </div>
   <div class='ocr_carea' id='block_1_2' title="bbox 100 325 1278 3148">
    <p class='ocr_par' dir='ltr' id='par_1_2' title="bbox 152 325 1199 746">
     <span class='ocr_line' id='line_1_2' title="bbox 152 325 1171 410; baseline -0.003 -19"><span class='ocrx_word' id='word_1_2' title='bbox 152 327 252 391; x_wconf 88' lang='lat' dir='ltr'><strong>istam</strong></span> <span class='ocrx_word' id='word_1_3' title='bbox 275 325 390 389; x_wconf 90' lang='lat' dir='ltr'><strong>horam</strong></span> <span class='ocrx_word' id='word_1_4' title='bbox 419 325 468 391; x_wconf 90' lang='lat' dir='ltr'><strong>ita</strong></span> <span class='ocrx_word' id='word_1_5' title='bbox 491 327 665 409; x_wconf 75' lang='lat' dir='ltr'>occultavi,</span> <span class='ocrx_word' id='word_1_6' title='bbox 694 327 780 410; x_wconf 89' lang='lat' dir='ltr'><strong>quod</strong></span> <span class='ocrx_word' id='word_1_7' title='bbox 807 326 906 391; x_wconf 90' lang='lat' dir='ltr'><strong>homo</strong></span> <span class='ocrx_word' id='word_1_8' title='bbox 933 326 1045 390; x_wconf 81' lang='lat' dir='ltr'><strong>vivens</strong></span> <span class='ocrx_word' id='word_1_9' title='bbox 1069 345 1171 409; x_wconf 89' lang='lat' dir='ltr'><strong>super</strong></span> 
     </span>
     <span class='ocr_line' id='line_1_3' title="bbox 153 413 1169 500; baseline 0 -22"><span class='ocrx_word' id='word_1_10' title='bbox 153 417 276 478; x_wconf 88' lang='lat' dir='ltr'><strong>terram</strong></span> <span class='ocrx_word' id='word_1_11' title='bbox 307 435 472 500; x_wconf 90' lang='lat' dir='ltr'><strong>nunquam</strong></span> <span class='ocrx_word' id='word_1_12' title='bbox 505 415 609 480; x_wconf 83' lang='lat' dir='ltr'><strong>scivit.</strong></span> <span class='ocrx_word' id='word_1_13' title='bbox 652 414 699 480; x_wconf 81' lang='lat' dir='ltr'><strong>Et</strong></span> <span class='ocrx_word' id='word_1_14' title='bbox 730 415 808 480; x_wconf 91' lang='lat' dir='ltr'><strong>licet</strong></span> <span class='ocrx_word' id='word_1_15' title='bbox 841 436 935 480; x_wconf 87' lang='lat' dir='ltr'><strong>casus</strong></span> <span class='ocrx_word' id='word_1_16' title='bbox 962 413 1169 479; x_wconf 74' lang='lat' dir='ltr'><strong>necessitatis</strong></span> 
     </span>
     <span class='ocr_line' id='line_1_4' title="bbox 154 501 1171 587; baseline 0 -21"><span class='ocrx_word' id='word_1_17' title='bbox 154 501 283 585; x_wconf 86' lang='lat' dir='ltr'><strong>saepius</strong></span> <span class='ocrx_word' id='word_1_18' title='bbox 307 503 435 568; x_wconf 88' lang='lat' dir='ltr'><strong>affuerit</strong></span> <span class='ocrx_word' id='word_1_19' title='bbox 456 525 621 587; x_wconf 88' lang='lat' dir='ltr'><strong>nunquam</strong></span> <span class='ocrx_word' id='word_1_20' title='bbox 644 506 755 569; x_wconf 88' lang='lat' dir='ltr'><strong>tamen</strong></span> <span class='ocrx_word' id='word_1_21' title='bbox 777 525 816 569; x_wconf 91' lang='lat' dir='ltr'><strong>ea</strong></span> <span class='ocrx_word' id='word_1_22' title='bbox 837 502 974 568; x_wconf 85' lang='lat' dir='ltr'><strong>vendere</strong></span> <span class='ocrx_word' id='word_1_23' title='bbox 998 501 1089 567; x_wconf 84' lang='lat' dir='ltr'><strong>volui</strong></span> <span class='ocrx_word' id='word_1_24' title='bbox 1113 502 1171 566; x_wconf 88' lang='lat' dir='ltr'><strong>sed</strong></span> 
     </span>
     <span class='ocr_line' id='line_1_5' title="bbox 154 589 1172 678; baseline 0.002 -26"><span class='ocrx_word' id='word_1_25' title='bbox 154 589 189 653; x_wconf 93' lang='lat' dir='ltr'><strong>in</strong></span> <span class='ocrx_word' id='word_1_26' title='bbox 216 591 440 658; x_wconf 88' lang='lat' dir='ltr'><strong>testimonium</strong></span> <span class='ocrx_word' id='word_1_27' title='bbox 468 591 589 658; x_wconf 90' lang='lat' dir='ltr'><strong>doloris</strong></span> <span class='ocrx_word' id='word_1_28' title='bbox 617 593 682 656; x_wconf 90' lang='lat' dir='ltr'><strong>mei</strong></span> <span class='ocrx_word' id='word_1_29' title='bbox 711 596 744 658; x_wconf 90' lang='lat' dir='ltr'><strong>et</strong></span> <span class='ocrx_word' id='word_1_30' title='bbox 768 591 987 678; x_wconf 88' lang='lat' dir='ltr'><strong>paenitentiae</strong></span> <span class='ocrx_word' id='word_1_31' title='bbox 1009 590 1172 674; x_wconf 88' lang='lat' dir='ltr'><strong>usquein</strong></span> 
     </span>
     <span class='ocr_line' id='line_1_6' title="bbox 155 677 1199 746; baseline 0 -3"><span class='ocrx_word' id='word_1_32' title='bbox 155 678 239 744; x_wconf 91' lang='lat' dir='ltr'><strong>diem</strong></span> <span class='ocrx_word' id='word_1_33' title='bbox 263 679 364 745; x_wconf 85' lang='lat' dir='ltr'><strong>divini</strong></span> <span class='ocrx_word' id='word_1_34' title='bbox 386 679 496 744; x_wconf 88' lang='lat' dir='ltr'><strong>iudicii</strong></span> <span class='ocrx_word' id='word_1_35' title='bbox 519 685 631 745; x_wconf 90' lang='lat' dir='ltr'><strong>contra</strong></span> <span class='ocrx_word' id='word_1_36' title='bbox 653 702 712 745; x_wconf 84' lang='lat' dir='ltr'><strong>vos</strong></span> <span class='ocrx_word' id='word_1_37' title='bbox 734 703 901 746; x_wconf 87' lang='lat' dir='ltr'><strong>reservare</strong></span> <span class='ocrx_word' id='word_1_38' title='bbox 924 677 1069 744; x_wconf 85' lang='lat' dir='ltr'><strong>decrevi&#39;.</strong></span> <span class='ocrx_word' id='word_1_39' title='bbox 1185 693 1199 734; x_wconf 71' lang='grc' dir='ltr'><strong>ὁ</strong></span> 
     </span>
    </p>

    <p class='ocr_par' dir='ltr' id='par_1_3' title="bbox 100 762 1214 1980">
     <span class='ocr_line' id='line_1_7' title="bbox 100 762 1172 851; baseline 0.006 -25"><span class='ocrx_word' id='word_1_40' title='bbox 100 762 146 826; x_wconf 90' lang='grc'><strong>40</strong></span> <span class='ocrx_word' id='word_1_41' title='bbox 244 766 427 851; x_wconf 78' lang='lat' dir='ltr'><strong>Imperator</strong></span> <span class='ocrx_word' id='word_1_42' title='bbox 445 772 554 834; x_wconf 89' lang='lat' dir='ltr'><strong>autam</strong></span> <span class='ocrx_word' id='word_1_43' title='bbox 572 769 624 833; x_wconf 88' lang='lat' dir='ltr'><strong>his</strong></span> <span class='ocrx_word' id='word_1_44' title='bbox 642 768 739 833; x_wconf 89' lang='lat' dir='ltr'><strong>rebus</strong></span> <span class='ocrx_word' id='word_1_45' title='bbox 758 770 837 835; x_wconf 82' lang='lat' dir='ltr'><strong>visis</strong></span> <span class='ocrx_word' id='word_1_46' title='bbox 855 773 889 834; x_wconf 90' lang='lat' dir='ltr'><strong>et</strong></span> <span class='ocrx_word' id='word_1_47' title='bbox 907 790 979 834; x_wconf 90' lang='lat' dir='ltr'><strong>cum</strong></span> <span class='ocrx_word' id='word_1_48' title='bbox 998 767 1172 851; x_wconf 85' lang='lat' dir='ltr'><strong>diligentia</strong></span> 
     </span>
     <span class='ocr_line' id='line_1_8' title="bbox 154 855 1171 942; baseline -0.001 -22"><span class='ocrx_word' id='word_1_49' title='bbox 154 855 284 921; x_wconf 87' lang='lat' dir='ltr'><strong>intuitis</strong></span> <span class='ocrx_word' id='word_1_50' title='bbox 313 857 421 941; x_wconf 89' lang='lat' dir='ltr'><strong>coepit</strong></span> <span class='ocrx_word' id='word_1_51' title='bbox 444 861 497 922; x_wconf 84' lang='lat' dir='ltr'><strong>eas</strong></span> <span class='ocrx_word' id='word_1_52' title='bbox 522 857 627 940; x_wconf 84' lang='lat' dir='ltr'><strong>magis</strong></span> <span class='ocrx_word' id='word_1_53' title='bbox 651 879 689 922; x_wconf 90' lang='lat' dir='ltr'><strong>ac</strong></span> <span class='ocrx_word' id='word_1_54' title='bbox 711 858 817 942; x_wconf 83' lang='lat' dir='ltr'><strong>magis</strong></span> <span class='ocrx_word' id='word_1_55' title='bbox 840 877 975 922; x_wconf 89' lang='lat' dir='ltr'><strong>noscere</strong></span> <span class='ocrx_word' id='word_1_56' title='bbox 998 858 1031 921; x_wconf 93' lang='lat' dir='ltr'><strong>et</strong></span> <span class='ocrx_word' id='word_1_57' title='bbox 1055 855 1171 920; x_wconf 83' lang='lat' dir='ltr'>exinde</span> 
     </span>
     <span class='ocr_line' id='line_1_9' title="bbox 154 943 1170 1028; baseline 0.001 -22"><span class='ocrx_word' id='word_1_58' title='bbox 154 964 225 1008; x_wconf 89' lang='lat' dir='ltr'><strong>rem</strong></span> <span class='ocrx_word' id='word_1_59' title='bbox 247 947 374 1028; x_wconf 80' lang='lat' dir='ltr'><strong>gestam</strong></span> <span class='ocrx_word' id='word_1_60' title='bbox 398 944 440 1009; x_wconf 90' lang='lat' dir='ltr'><strong>ad</strong></span> <span class='ocrx_word' id='word_1_61' title='bbox 463 945 651 1010; x_wconf 78' lang='lat' dir='ltr'><strong>memoriam</strong></span> <span class='ocrx_word' id='word_1_62' title='bbox 674 966 825 1012; x_wconf 75' lang='lat' dir='ltr'><strong>revocare</strong></span> <span class='ocrx_word' id='word_1_63' title='bbox 848 949 881 1010; x_wconf 93' lang='lat' dir='ltr'><strong>et</strong></span> <span class='ocrx_word' id='word_1_64' title='bbox 903 945 938 1010; x_wconf 95' lang='lat' dir='ltr'><strong>in</strong></span> <span class='ocrx_word' id='word_1_65' title='bbox 961 965 998 1010; x_wconf 92' lang='lat' dir='ltr'><strong>eo</strong></span> <span class='ocrx_word' id='word_1_66' title='bbox 1022 943 1170 1009; x_wconf 87' lang='lat' dir='ltr'><strong>mulieris</strong></span> 
     </span>
     <span class='ocr_line' id='line_1_10' title="bbox 155 1032 1172 1115; baseline 0.001 -20"><span class='ocrx_word' id='word_1_67' title='bbox 155 1032 350 1115; x_wconf 85' lang='lat' dir='ltr'><strong>sapientiam</strong></span> <span class='ocrx_word' id='word_1_68' title='bbox 373 1037 407 1097; x_wconf 93' lang='lat' dir='ltr'><strong>et</strong></span> <span class='ocrx_word' id='word_1_69' title='bbox 428 1032 636 1098; x_wconf 76' lang='lat' dir='ltr'><strong>nobilitatem</strong></span> <span class='ocrx_word' id='word_1_70' title='bbox 657 1033 692 1097; x_wconf 91' lang='lat' dir='ltr'><strong>in</strong></span> <span class='ocrx_word' id='word_1_71' title='bbox 715 1035 826 1099; x_wconf 89' lang='lat' dir='ltr'><strong>animo</strong></span> <span class='ocrx_word' id='word_1_72' title='bbox 844 1055 902 1099; x_wconf 89' lang='lat' dir='ltr'><strong>suo</strong></span> <span class='ocrx_word' id='word_1_73' title='bbox 924 1034 1063 1098; x_wconf 90' lang='lat' dir='ltr'><strong>multum</strong></span> <span class='ocrx_word' id='word_1_74' title='bbox 1086 1053 1172 1097; x_wconf 90' lang='lat' dir='ltr'><strong>com·</strong></span> 
     </span>
     <span class='ocr_line' id='line_1_11' title="bbox 155 1119 1212 1206; baseline 0.002 -22"><span class='ocrx_word' id='word_1_75' title='bbox 155 1120 318 1185; x_wconf 85' lang='lat' dir='ltr'><strong>mendara.</strong></span> <span class='ocrx_word' id='word_1_76' title='bbox 348 1119 395 1186; x_wconf 81' lang='lat' dir='ltr'><strong>Et</strong></span> <span class='ocrx_word' id='word_1_77' title='bbox 411 1121 536 1186; x_wconf 89' lang='lat' dir='ltr'><strong>irruens</strong></span> <span class='ocrx_word' id='word_1_78' title='bbox 554 1121 590 1185; x_wconf 95' lang='lat' dir='ltr'><strong>in</strong></span> <span class='ocrx_word' id='word_1_79' title='bbox 607 1122 714 1206; x_wconf 86' lang='lat' dir='ltr'><strong>ipsam</strong></span> <span class='ocrx_word' id='word_1_80' title='bbox 733 1122 936 1205; x_wconf 77' lang='lat' dir='ltr'><strong>amplexatus</strong></span> <span class='ocrx_word' id='word_1_81' title='bbox 954 1125 987 1186; x_wconf 90' lang='lat' dir='ltr'><strong>et</strong></span> <span class='ocrx_word' id='word_1_82' title='bbox 1004 1121 1212 1186; x_wconf 88' lang='lat' dir='ltr'><strong>osculatus10</strong></span> 
     </span>
     <span class='ocr_line' id='line_1_12' title="bbox 156 1209 1173 1295; baseline 0.001 -23"><span class='ocrx_word' id='word_1_83' title='bbox 156 1213 206 1273; x_wconf 88' lang='lat' dir='ltr'><strong>est</strong></span> <span class='ocrx_word' id='word_1_84' title='bbox 234 1231 307 1274; x_wconf 91' lang='lat' dir='ltr'><strong>eam</strong></span> <span class='ocrx_word' id='word_1_85' title='bbox 335 1209 458 1276; x_wconf 91' lang='lat' dir='ltr'><strong>dicens:</strong></span> <span class='ocrx_word' id='word_1_86' title='bbox 498 1209 596 1275; x_wconf 67' lang='lat' dir='ltr'><strong>‘Vere</strong></span> <span class='ocrx_word' id='word_1_87' title='bbox 623 1210 791 1295; x_wconf 84' lang='lat' dir='ltr'><strong>sanguinis</strong></span> <span class='ocrx_word' id='word_1_88' title='bbox 818 1210 974 1275; x_wconf 89' lang='lat' dir='ltr'><strong>nobilitas</strong></span> <span class='ocrx_word' id='word_1_89' title='bbox 1003 1209 1173 1293; x_wconf 89' lang='lat' dir='ltr'><strong>praeclari,</strong></span> 
     </span>
     <span class='ocr_line' id='line_1_13' title="bbox 156 1297 1173 1383; baseline 0.001 -22"><span class='ocrx_word' id='word_1_90' title='bbox 156 1297 195 1361; x_wconf 91' lang='lat' dir='ltr'><strong>de</strong></span> <span class='ocrx_word' id='word_1_91' title='bbox 222 1319 286 1382; x_wconf 91' lang='lat' dir='ltr'><strong>quo</strong></span> <span class='ocrx_word' id='word_1_92' title='bbox 315 1301 349 1362; x_wconf 92' lang='lat' dir='ltr'><strong>te</strong></span> <span class='ocrx_word' id='word_1_93' title='bbox 375 1303 581 1383; x_wconf 72' lang='lat' dir='ltr'><strong>procreatam</strong></span> <span class='ocrx_word' id='word_1_94' title='bbox 609 1321 677 1364; x_wconf 92' lang='lat' dir='ltr'><strong>non</strong></span> <span class='ocrx_word' id='word_1_95' title='bbox 706 1299 906 1383; x_wconf 84' lang='lat' dir='ltr'><strong>dubitemus,</strong></span> <span class='ocrx_word' id='word_1_96' title='bbox 935 1298 998 1364; x_wconf 90' lang='lat' dir='ltr'><strong>tibi</strong></span> <span class='ocrx_word' id='word_1_97' title='bbox 1025 1297 1092 1362; x_wconf 89' lang='lat' dir='ltr'><strong>tale</strong></span> <span class='ocrx_word' id='word_1_98' title='bbox 1120 1319 1173 1362; x_wconf 86' lang='lat' dir='ltr'><strong>sa-</strong></span> 
     </span>
     <span class='ocr_line' id='line_1_14' title="bbox 154 1385 1172 1468; baseline 0.001 -18"><span class='ocrx_word' id='word_1_99' title='bbox 154 1385 297 1468; x_wconf 89' lang='lat' dir='ltr'><strong>pientiae</strong></span> <span class='ocrx_word' id='word_1_100' title='bbox 328 1388 500 1452; x_wconf 90' lang='lat' dir='ltr'><strong>consilium</strong></span> <span class='ocrx_word' id='word_1_101' title='bbox 527 1387 644 1452; x_wconf 88' lang='lat' dir='ltr'><strong>indidit</strong></span> <span class='ocrx_word' id='word_1_102' title='bbox 671 1392 704 1452; x_wconf 87' lang='lat' dir='ltr'><strong>et</strong></span> <span class='ocrx_word' id='word_1_103' title='bbox 730 1387 955 1452; x_wconf 82' lang='lat' dir='ltr'><strong>nobilissimae</strong></span> <span class='ocrx_word' id='word_1_104' title='bbox 977 1385 1172 1451; x_wconf 88' lang='lat' dir='ltr'><strong>honestatis.</strong></span> 
     </span>
     <span class='ocr_line' id='line_1_15' title="bbox 154 1473 1172 1558; baseline 0.001 -20"><span class='ocrx_word' id='word_1_105' title='bbox 154 1473 224 1539; x_wconf 91' lang='lat' dir='ltr'><strong>Nec</strong></span> <span class='ocrx_word' id='word_1_106' title='bbox 257 1474 327 1540; x_wconf 90' lang='lat' dir='ltr'><strong>sine</strong></span> <span class='ocrx_word' id='word_1_107' title='bbox 360 1475 493 1541; x_wconf 89' lang='lat' dir='ltr'><strong>deorum</strong></span> <span class='ocrx_word' id='word_1_108' title='bbox 525 1475 713 1541; x_wconf 86' lang='lat' dir='ltr'><strong>sublimium</strong></span> <span class='ocrx_word' id='word_1_109' title='bbox 746 1475 959 1558; x_wconf 88' lang='lat' dir='ltr'><strong>dispositione</strong></span> <span class='ocrx_word' id='word_1_110' title='bbox 991 1474 1068 1539; x_wconf 88' lang='lat' dir='ltr'><strong>talis</strong></span> <span class='ocrx_word' id='word_1_111' title='bbox 1096 1495 1172 1539; x_wconf 87' lang='lat' dir='ltr'><strong>con-</strong></span> 
     </span>
     <span class='ocr_line' id='line_1_16' title="bbox 156 1562 1214 1648; baseline 0.003 -23"><span class='ocrx_word' id='word_1_112' title='bbox 156 1562 284 1626; x_wconf 90' lang='lat' dir='ltr'><strong>cubitus</strong></span> <span class='ocrx_word' id='word_1_113' title='bbox 308 1563 453 1628; x_wconf 86' lang='lat' dir='ltr'><strong>accidere</strong></span> <span class='ocrx_word' id='word_1_114' title='bbox 474 1564 583 1647; x_wconf 90' lang='lat' dir='ltr'><strong>potuit</strong></span> <span class='ocrx_word' id='word_1_115' title='bbox 604 1563 644 1628; x_wconf 88' lang='lat' dir='ltr'><strong>de</strong></span> <span class='ocrx_word' id='word_1_116' title='bbox 667 1585 730 1648; x_wconf 91' lang='lat' dir='ltr'><strong>quo</strong></span> <span class='ocrx_word' id='word_1_117' title='bbox 754 1565 831 1628; x_wconf 89' lang='lat' dir='ltr'><strong>talis</strong></span> <span class='ocrx_word' id='word_1_118' title='bbox 854 1564 963 1648; x_wconf 88' lang='lat' dir='ltr'><strong>proles</strong></span> <span class='ocrx_word' id='word_1_119' title='bbox 984 1565 1173 1628; x_wconf 89' lang='lat' dir='ltr'><strong>nasceretur</strong></span> <span class='ocrx_word' id='word_1_120' title='bbox 1187 1578 1214 1618; x_wconf 81' lang='lat'><strong>1⁵</strong></span> 
     </span>
     <span class='ocr_line' id='line_1_17' title="bbox 157 1651 1174 1737; baseline 0.002 -24"><span class='ocrx_word' id='word_1_121' title='bbox 157 1653 190 1714; x_wconf 90' lang='lat' dir='ltr'><strong>et</strong></span> <span class='ocrx_word' id='word_1_122' title='bbox 213 1655 403 1734; x_wconf 87' lang='lat' dir='ltr'><strong>sequeretur</strong></span> <span class='ocrx_word' id='word_1_123' title='bbox 426 1651 627 1737; x_wconf 81' lang='lat' dir='ltr'><strong>coniugium,</strong></span> <span class='ocrx_word' id='word_1_124' title='bbox 653 1652 739 1736; x_wconf 90' lang='lat' dir='ltr'><strong>quod</strong></span> <span class='ocrx_word' id='word_1_125' title='bbox 765 1652 851 1716; x_wconf 88' lang='lat' dir='ltr'><strong>inter</strong></span> <span class='ocrx_word' id='word_1_126' title='bbox 879 1652 983 1717; x_wconf 91' lang='lat' dir='ltr'><strong>filium</strong></span> <span class='ocrx_word' id='word_1_127' title='bbox 1005 1673 1115 1716; x_wconf 90' lang='lat' dir='ltr'><strong>meum</strong></span> <span class='ocrx_word' id='word_1_128' title='bbox 1139 1654 1174 1716; x_wconf 92' lang='lat' dir='ltr'><strong>et</strong></span> 
     </span>
     <span class='ocr_line' id='line_1_18' title="bbox 156 1737 1173 1824; baseline 0.003 -23"><span class='ocrx_word' id='word_1_129' title='bbox 156 1737 364 1821; x_wconf 88' lang='lat' dir='ltr'><strong>imperatoris</strong></span> <span class='ocrx_word' id='word_1_130' title='bbox 385 1741 471 1805; x_wconf 88' lang='lat' dir='ltr'><strong>tanti</strong></span> <span class='ocrx_word' id='word_1_131' title='bbox 493 1741 595 1805; x_wconf 89' lang='lat' dir='ltr'><strong>filiam</strong></span> <span class='ocrx_word' id='word_1_132' title='bbox 619 1744 670 1805; x_wconf 89' lang='lat' dir='ltr'><strong>est</strong></span> <span class='ocrx_word' id='word_1_133' title='bbox 688 1744 904 1824; x_wconf 83' lang='lat' dir='ltr'><strong>contractum3</strong></span> <span class='ocrx_word' id='word_1_134' title='bbox 928 1744 1062 1824; x_wconf 88' lang='lat' dir='ltr'><strong>oportet</strong></span> <span class='ocrx_word' id='word_1_135' title='bbox 1084 1739 1173 1804; x_wconf 88' lang='lat' dir='ltr'><strong>enim</strong></span> 
     </span>
     <span class='ocr_line' id='line_1_19' title="bbox 155 1827 1173 1913; baseline 0.004 -25"><span class='ocrx_word' id='word_1_136' title='bbox 155 1829 193 1889; x_wconf 91' lang='lat' dir='ltr'><strong>ut</strong></span> <span class='ocrx_word' id='word_1_137' title='bbox 211 1827 298 1908; x_wconf 90' lang='lat' dir='ltr'><strong>quod</strong></span> <span class='ocrx_word' id='word_1_138' title='bbox 316 1827 376 1891; x_wconf 92' lang='lat' dir='ltr'><strong>diis</strong></span> <span class='ocrx_word' id='word_1_139' title='bbox 392 1828 638 1911; x_wconf 88' lang='lat' dir='ltr'><strong>disponentibus</strong></span> <span class='ocrx_word' id='word_1_140' title='bbox 657 1829 781 1913; x_wconf 78' lang='lat' dir='ltr'><strong>placuit</strong></span> <span class='ocrx_word' id='word_1_141' title='bbox 793 1829 892 1892; x_wconf 88' lang='lat' dir='ltr'><strong>finem</strong></span> <span class='ocrx_word' id='word_1_142' title='bbox 905 1828 1173 1913; x_wconf 88' lang='lat' dir='ltr'><strong>praeordinatum</strong></span> 
     </span>
     <span class='ocr_line' id='line_1_20' title="bbox 157 1913 954 1980; baseline 0.004 -4"><span class='ocrx_word' id='word_1_143' title='bbox 157 1913 335 1980; x_wconf 87' lang='lat' dir='ltr'><strong>sortiatur&#39;.</strong></span> <span class='ocrx_word' id='word_1_144' title='bbox 815 1959 818 1968; x_wconf 88' lang='lat'>.</span> <span class='ocrx_word' id='word_1_145' title='bbox 952 1942 954 1946; x_wconf 92' lang='lat'>·</span> 
     </span>
    </p>

    <p class='ocr_par' dir='ltr' id='par_1_4' title="bbox 102 1997 1278 3148">
     <span class='ocr_line' id='line_1_21' title="bbox 102 1997 1217 2081; baseline 0.003 -14"><span class='ocrx_word' id='word_1_146' title='bbox 102 1997 145 2060; x_wconf 88' lang='grc'><strong>41</strong></span> <span class='ocrx_word' id='word_1_147' title='bbox 244 2001 290 2067; x_wconf 86' lang='lat' dir='ltr'><strong>Et</strong></span> <span class='ocrx_word' id='word_1_148' title='bbox 308 2025 481 2068; x_wconf 86' lang='lat' dir='ltr'><strong>conversus</strong></span> <span class='ocrx_word' id='word_1_149' title='bbox 499 2005 538 2069; x_wconf 88' lang='lat' dir='ltr'><strong>ad</strong></span> <span class='ocrx_word' id='word_1_150' title='bbox 559 2002 810 2070; x_wconf 74' lang='lat' dir='ltr'><strong>constantinum</strong></span> <span class='ocrx_word' id='word_1_151' title='bbox 832 2005 916 2070; x_wconf 87' lang='lat' dir='ltr'><strong>dixit</strong></span> <span class='ocrx_word' id='word_1_152' title='bbox 934 2005 977 2069; x_wconf 89' lang='lat' dir='ltr'><strong>ei:</strong></span> <span class='ocrx_word' id='word_1_153' title='bbox 1001 2003 1076 2081; x_wconf 79' lang='lat' dir='ltr'><strong>‘Qui</strong></span> <span class='ocrx_word' id='word_1_154' title='bbox 1095 2009 1174 2070; x_wconf 90' lang='lat' dir='ltr'><strong>sunt</strong></span> <span class='ocrx_word' id='word_1_155' title='bbox 1188 2023 1217 2063; x_wconf 73' lang='lat'><strong>20</strong></span> 
     </span>
     <span class='ocr_line' id='line_1_22' title="bbox 156 2090 1174 2178; baseline 0.003 -24"><span class='ocrx_word' id='word_1_156' title='bbox 156 2090 193 2155; x_wconf 91' lang='lat' dir='ltr'><strong>hi</strong></span> <span class='ocrx_word' id='word_1_157' title='bbox 220 2096 430 2176; x_wconf 85' lang='lat' dir='ltr'><strong>mercatores,</strong></span> <span class='ocrx_word' id='word_1_158' title='bbox 456 2094 513 2177; x_wconf 90' lang='lat' dir='ltr'><strong>qui</strong></span> <span class='ocrx_word' id='word_1_159' title='bbox 539 2097 667 2159; x_wconf 89' lang='lat' dir='ltr'><strong>tantum</strong></span> <span class='ocrx_word' id='word_1_160' title='bbox 694 2093 819 2158; x_wconf 84' lang='lat' dir='ltr'><strong>facinus</strong></span> <span class='ocrx_word' id='word_1_161' title='bbox 848 2095 882 2158; x_wconf 91' lang='lat' dir='ltr'><strong>in</strong></span> <span class='ocrx_word' id='word_1_162' title='bbox 910 2093 1106 2178; x_wconf 84' lang='lat' dir='ltr'><strong>vituperium</strong></span> <span class='ocrx_word' id='word_1_163' title='bbox 1138 2097 1174 2157; x_wconf 91' lang='lat' dir='ltr'><strong>et</strong></span> 
     </span>
     <span class='ocr_line' id='line_1_23' title="bbox 157 2179 1174 2266; baseline 0.003 -24"><span class='ocrx_word' id='word_1_164' title='bbox 157 2179 336 2247; x_wconf 84' lang='lat' dir='ltr'><strong>laesionem</strong></span> <span class='ocrx_word' id='word_1_165' title='bbox 362 2181 542 2266; x_wconf 87' lang='lat' dir='ltr'><strong>imperialis</strong></span> <span class='ocrx_word' id='word_1_166' title='bbox 570 2183 753 2248; x_wconf 82' lang='lat' dir='ltr'><strong>maiestatis</strong></span> <span class='ocrx_word' id='word_1_167' title='bbox 777 2182 978 2248; x_wconf 90' lang='lat' dir='ltr'><strong>committere</strong></span> <span class='ocrx_word' id='word_1_168' title='bbox 1008 2203 1174 2266; x_wconf 89' lang='lat' dir='ltr'><strong>praesum·</strong></span> 
     </span>
     <span class='ocr_line' id='line_1_24' title="bbox 156 2269 1175 2353; baseline 0.001 -21"><span class='ocrx_word' id='word_1_169' title='bbox 156 2273 305 2351; x_wconf 87' lang='lat' dir='ltr'><strong>pserunt,</strong></span> <span class='ocrx_word' id='word_1_170' title='bbox 327 2273 365 2334; x_wconf 91' lang='lat' dir='ltr'><strong>ut</strong></span> <span class='ocrx_word' id='word_1_171' title='bbox 388 2270 452 2334; x_wconf 91' lang='lat' dir='ltr'><strong>sibi</strong></span> <span class='ocrx_word' id='word_1_172' title='bbox 475 2271 535 2334; x_wconf 91' lang='lat' dir='ltr'><strong>sub</strong></span> <span class='ocrx_word' id='word_1_173' title='bbox 558 2274 626 2335; x_wconf 88' lang='lat' dir='ltr'><strong>tam</strong></span> <span class='ocrx_word' id='word_1_174' title='bbox 648 2271 772 2336; x_wconf 83' lang='lat' dir='ltr'><strong>nefario</strong></span> <span class='ocrx_word' id='word_1_175' title='bbox 796 2272 905 2336; x_wconf 87' lang='lat' dir='ltr'><strong>colore</strong></span> <span class='ocrx_word' id='word_1_176' title='bbox 927 2271 1013 2334; x_wconf 88' lang='lat' dir='ltr'><strong>tanti</strong></span> <span class='ocrx_word' id='word_1_177' title='bbox 1036 2269 1175 2353; x_wconf 88' lang='lat' dir='ltr'><strong>impera-</strong></span> 
     </span>
     <span class='ocr_line' id='line_1_25' title="bbox 157 2355 1278 2444; baseline 0.002 -24"><span class='ocrx_word' id='word_1_178' title='bbox 157 2355 237 2420; x_wconf 90' lang='lat' dir='ltr'><strong>toris</strong></span> <span class='ocrx_word' id='word_1_179' title='bbox 265 2355 464 2421; x_wconf 76' lang='lat' dir='ltr'><strong>filiamtam</strong></span> <span class='ocrx_word' id='word_1_180' title='bbox 490 2359 635 2424; x_wconf 87' lang='lat' dir='ltr'><strong>nobilem</strong></span> <span class='ocrx_word' id='word_1_181' title='bbox 663 2363 795 2444; x_wconf 89' lang='lat' dir='ltr'><strong>tamque</strong></span> <span class='ocrx_word' id='word_1_182' title='bbox 827 2359 1029 2443; x_wconf 88' lang='lat' dir='ltr'><strong>praeclaram</strong></span> <span class='ocrx_word' id='word_1_183' title='bbox 1061 2357 1176 2422; x_wconf 85' lang='lat' dir='ltr'><strong>matri·</strong></span> <span class='ocrx_word' id='word_1_184' title='bbox 1277 2361 1278 2388; x_wconf 65' lang='lat'>¹</span> 
     </span>
     <span class='ocr_line' id='line_1_26' title="bbox 156 2443 1278 2532; baseline 0.004 -25"><span class='ocrx_word' id='word_1_185' title='bbox 156 2443 343 2520; x_wconf 87' lang='lat' dir='ltr'><strong>monialitar</strong></span> <span class='ocrx_word' id='word_1_186' title='bbox 378 2444 529 2528; x_wconf 88' lang='lat' dir='ltr'><strong>copulare</strong></span> <span class='ocrx_word' id='word_1_187' title='bbox 563 2447 796 2529; x_wconf 85' lang='lat' dir='ltr'><strong>procurarent?</strong></span> <span class='ocrx_word' id='word_1_188' title='bbox 851 2446 944 2530; x_wconf 89' lang='lat' dir='ltr'><strong>Ipsos</strong></span> <span class='ocrx_word' id='word_1_189' title='bbox 981 2448 1018 2510; x_wconf 92' lang='lat' dir='ltr'><strong>ut</strong></span> <span class='ocrx_word' id='word_1_190' title='bbox 1054 2445 1174 2529; x_wconf 85' lang='lat' dir='ltr'><strong>dignos</strong></span> <span class='ocrx_word' id='word_1_191' title='bbox 1189 2463 1217 2504; x_wconf 78' lang='lat'><strong>2⁵</strong></span> <span class='ocrx_word' id='word_1_192' title='bbox 1277 2459 1278 2532; x_wconf 66' lang='lat'><em>]</em></span> 
     </span>
     <span class='ocr_line' id='line_1_27' title="bbox 158 2531 1278 2618; baseline 0.004 -23"><span class='ocrx_word' id='word_1_193' title='bbox 158 2531 319 2615; x_wconf 88' lang='lat' dir='ltr'><strong>supplicio</strong></span> <span class='ocrx_word' id='word_1_194' title='bbox 357 2537 391 2596; x_wconf 91' lang='lat' dir='ltr'><strong>et</strong></span> <span class='ocrx_word' id='word_1_195' title='bbox 427 2536 532 2599; x_wconf 91' lang='lat' dir='ltr'><strong>morte</strong></span> <span class='ocrx_word' id='word_1_196' title='bbox 568 2534 759 2618; x_wconf 88' lang='lat' dir='ltr'><strong>turpissima</strong></span> <span class='ocrx_word' id='word_1_197' title='bbox 801 2534 982 2600; x_wconf 90' lang='lat' dir='ltr'><strong>damnando</strong></span> <span class='ocrx_word' id='word_1_198' title='bbox 1018 2554 1076 2617; x_wconf 89' lang='lat' dir='ltr'><strong>per</strong></span> <span class='ocrx_word' id='word_1_199' title='bbox 1113 2534 1176 2598; x_wconf 89' lang='lat' dir='ltr'><strong>im·</strong></span> <span class='ocrx_word' id='word_1_200' title='bbox 1277 2551 1278 2616; x_wconf 55' lang='grc' dir='ltr'><strong>ς</strong></span> 
     </span>
     <span class='ocr_line' id='line_1_28' title="bbox 157 2620 1278 2703; baseline 0.007 -19"><span class='ocrx_word' id='word_1_201' title='bbox 157 2620 314 2703; x_wconf 89' lang='lat' dir='ltr'><strong>perialem</strong></span> <span class='ocrx_word' id='word_1_202' title='bbox 333 2624 479 2686; x_wconf 89' lang='lat' dir='ltr'><strong>nostram</strong></span> <span class='ocrx_word' id='word_1_203' title='bbox 499 2623 694 2688; x_wconf 89' lang='lat' dir='ltr'><strong>sententiam</strong></span> <span class='ocrx_word' id='word_1_204' title='bbox 713 2623 892 2689; x_wconf 89' lang='lat' dir='ltr'><strong>iudicamus</strong></span> <span class='ocrx_word' id='word_1_205' title='bbox 909 2627 943 2687; x_wconf 91' lang='lat' dir='ltr'><strong>et</strong></span> <span class='ocrx_word' id='word_1_206' title='bbox 960 2623 1047 2687; x_wconf 89' lang='lat' dir='ltr'><strong>bona</strong></span> <span class='ocrx_word' id='word_1_207' title='bbox 1061 2643 1175 2686; x_wconf 87' lang='lat' dir='ltr'><strong>eorum</strong></span> <span class='ocrx_word' id='word_1_208' title='bbox 1277 2679 1278 2692; x_wconf 67' lang='grc'>,</span> 
     </span>
     <span class='ocr_line' id='line_1_29' title="bbox 158 2708 1278 2792; baseline 0.004 -22"><span class='ocrx_word' id='word_1_209' title='bbox 158 2709 322 2792; x_wconf 89' lang='lat' dir='ltr'><strong>quaelibet</strong></span> <span class='ocrx_word' id='word_1_210' title='bbox 336 2708 472 2774; x_wconf 90' lang='lat' dir='ltr'><strong>mobilia</strong></span> <span class='ocrx_word' id='word_1_211' title='bbox 486 2714 519 2774; x_wconf 93' lang='lat' dir='ltr'><strong>et</strong></span> <span class='ocrx_word' id='word_1_212' title='bbox 532 2710 715 2776; x_wconf 89' lang='lat' dir='ltr'><strong>immobilia</strong></span> <span class='ocrx_word' id='word_1_213' title='bbox 729 2709 964 2776; x_wconf 73' lang='lat' dir='ltr'><strong>condiscamus&#39;.</strong></span> <span class='ocrx_word' id='word_1_214' title='bbox 995 2710 1041 2777; x_wconf 81' lang='lat' dir='ltr'><strong>Et</strong></span> <span class='ocrx_word' id='word_1_215' title='bbox 1060 2710 1175 2775; x_wconf 88' lang='lat' dir='ltr'><strong>statim</strong></span> <span class='ocrx_word' id='word_1_216' title='bbox 1277 2711 1278 2718; x_wconf 72' lang='grc'>’</span> 
     </span>
     <span class='ocr_line' id='line_1_30' title="bbox 158 2796 1176 2884; baseline 0.003 -25"><span class='ocrx_word' id='word_1_217' title='bbox 158 2796 292 2862; x_wconf 88' lang='lat' dir='ltr'><strong>mittens</strong></span> <span class='ocrx_word' id='word_1_218' title='bbox 320 2797 424 2862; x_wconf 89' lang='lat' dir='ltr'><strong>dictos</strong></span> <span class='ocrx_word' id='word_1_219' title='bbox 451 2802 647 2864; x_wconf 88' lang='lat' dir='ltr'><strong>mercatores</strong></span> <span class='ocrx_word' id='word_1_220' title='bbox 675 2800 747 2884; x_wconf 89' lang='lat' dir='ltr'><strong>oapi</strong></span> <span class='ocrx_word' id='word_1_221' title='bbox 774 2800 941 2865; x_wconf 82' lang='lat' dir='ltr'><strong>mandavit</strong></span> <span class='ocrx_word' id='word_1_222' title='bbox 970 2803 1004 2863; x_wconf 90' lang='lat' dir='ltr'><strong>et</strong></span> <span class='ocrx_word' id='word_1_223' title='bbox 1030 2798 1109 2863; x_wconf 84' lang='lat' dir='ltr'><strong>fecit</strong></span> <span class='ocrx_word' id='word_1_224' title='bbox 1137 2820 1176 2863; x_wconf 87' lang='lat' dir='ltr'><strong>ao</strong></span> 
     </span>
     <span class='ocr_line' id='line_1_31' title="bbox 157 2884 1216 2968; baseline -0.003 -20"><span class='ocrx_word' id='word_1_225' title='bbox 157 2884 244 2949; x_wconf 91' lang='lat' dir='ltr'><strong>bona</strong></span> <span class='ocrx_word' id='word_1_226' title='bbox 270 2886 415 2968; x_wconf 91' lang='lat' dir='ltr'><strong>ipsorum</strong></span> <span class='ocrx_word' id='word_1_227' title='bbox 443 2887 632 2952; x_wconf 86' lang='lat' dir='ltr'><strong>confiscavit</strong></span> <span class='ocrx_word' id='word_1_228' title='bbox 659 2891 692 2952; x_wconf 90' lang='lat' dir='ltr'><strong>et</strong></span> <span class='ocrx_word' id='word_1_229' title='bbox 717 2889 892 2954; x_wconf 87' lang='lat' dir='ltr'><strong>confiscata</strong></span> <span class='ocrx_word' id='word_1_230' title='bbox 921 2887 1031 2953; x_wconf 88' lang='lat' dir='ltr'><strong>omnia</strong></span> <span class='ocrx_word' id='word_1_231' title='bbox 1054 2890 1087 2951; x_wconf 90' lang='lat' dir='ltr'><strong>et</strong></span> <span class='ocrx_word' id='word_1_232' title='bbox 1110 2886 1175 2950; x_wconf 88' lang='lat' dir='ltr'><strong>sin-</strong></span> <span class='ocrx_word' id='word_1_233' title='bbox 1188 2907 1216 2945; x_wconf 80' lang='lat' dir='ltr'><strong>ao</strong></span> 
     </span>
     <span class='ocr_line' id='line_1_32' title="bbox 158 2973 1175 3057; baseline 0.001 -20"><span class='ocrx_word' id='word_1_234' title='bbox 158 2973 236 3057; x_wconf 83' lang='lat' dir='ltr'><strong>gula</strong></span> <span class='ocrx_word' id='word_1_235' title='bbox 263 2973 407 3039; x_wconf 88' lang='lat' dir='ltr'><strong>Helenae</strong></span> <span class='ocrx_word' id='word_1_236' title='bbox 435 2997 474 3040; x_wconf 88' lang='lat' dir='ltr'><strong>ac</strong></span> <span class='ocrx_word' id='word_1_237' title='bbox 501 2973 715 3041; x_wconf 80' lang='lat' dir='ltr'><strong>Constantino</strong></span> <span class='ocrx_word' id='word_1_238' title='bbox 742 2976 811 3041; x_wconf 89' lang='lat' dir='ltr'><strong>filio</strong></span> <span class='ocrx_word' id='word_1_239' title='bbox 838 2997 896 3040; x_wconf 89' lang='lat' dir='ltr'><strong>suo</strong></span> <span class='ocrx_word' id='word_1_240' title='bbox 925 2979 959 3040; x_wconf 90' lang='lat' dir='ltr'><strong>et</strong></span> <span class='ocrx_word' id='word_1_241' title='bbox 987 2976 1056 3041; x_wconf 92' lang='lat' dir='ltr'><strong>eius</strong></span> <span class='ocrx_word' id='word_1_242' title='bbox 1079 2975 1175 3039; x_wconf 85' lang='lat' dir='ltr'><strong>uxori</strong></span> 
     </span>
     <span class='ocr_line' id='line_1_33' title="bbox 158 3061 1174 3148; baseline 0.004 -24"><span class='ocrx_word' id='word_1_243' title='bbox 158 3061 295 3126; x_wconf 86' lang='lat' dir='ltr'><strong>tradidit</strong></span> <span class='ocrx_word' id='word_1_244' title='bbox 329 3063 535 3148; x_wconf 83' lang='lat' dir='ltr'><strong>integraliter</strong></span> <span class='ocrx_word' id='word_1_245' title='bbox 571 3068 605 3128; x_wconf 87' lang='lat' dir='ltr'><strong>et</strong></span> <span class='ocrx_word' id='word_1_246' title='bbox 640 3064 783 3130; x_wconf 82' lang='lat' dir='ltr'><strong>donavit.</strong></span> <span class='ocrx_word' id='word_1_247' title='bbox 827 3064 1025 3131; x_wconf 88' lang='lat' dir='ltr'><strong>Mercatores</strong></span> <span class='ocrx_word' id='word_1_248' title='bbox 1063 3067 1174 3128; x_wconf 86' lang='lat' dir='ltr'><strong>autem</strong></span> 
     </span>
    </p>
   </div>
   <div class='ocr_carea' id='block_1_3' title="bbox 159 3217 1174 3361">
    <p class='ocr_par' dir='ltr' id='par_1_5' title="bbox 159 3217 1174 3361">
     <span class='ocr_line' id='line_1_34' title="bbox 230 3217 1174 3287; baseline 0.003 -17"><span class='ocrx_word' id='word_1_249' title='bbox 230 3217 459 3273; x_wconf 67' lang='lat' dir='ltr'><strong>atestimonium</strong></span> <span class='ocrx_word' id='word_1_250' title='bbox 477 3220 521 3287; x_wconf 85' lang='lat' dir='ltr'><strong>D,</strong></span> <span class='ocrx_word' id='word_1_251' title='bbox 539 3221 739 3274; x_wconf 87' lang='lat' dir='ltr'><strong>testamentum</strong></span> <span class='ocrx_word' id='word_1_252' title='bbox 757 3220 794 3275; x_wconf 87' lang='lat' dir='ltr'><strong>F.</strong></span> <span class='ocrx_word' id='word_1_253' title='bbox 871 3219 962 3277; x_wconf 73' lang='lat' dir='ltr'><strong>chiis</strong></span> <span class='ocrx_word' id='word_1_254' title='bbox 981 3221 1058 3276; x_wconf 85' lang='lat' dir='ltr'><strong>codd.</strong></span> <span class='ocrx_word' id='word_1_255' title='bbox 1140 3225 1174 3274; x_wconf 82' lang='lat'><strong>14</strong></span> 
     </span>
     <span class='ocr_line' id='line_1_35' title="bbox 159 3285 1174 3361; baseline 0.004 -21"><span class='ocrx_word' id='word_1_256' title='bbox 159 3285 219 3340; x_wconf 90' lang='lat' dir='ltr'><strong>sine</strong></span> <span class='ocrx_word' id='word_1_257' title='bbox 237 3289 349 3358; x_wconf 66' lang='lat' dir='ltr'><strong>rorabat,</strong></span> <span class='ocrx_word' id='word_1_258' title='bbox 367 3289 442 3344; x_wconf 91' lang='lat' dir='ltr'><strong>absit</strong></span> <span class='ocrx_word' id='word_1_259' title='bbox 460 3293 536 3346; x_wconf 81' lang='lat' dir='ltr'><strong>codd.</strong></span> <span class='ocrx_word' id='word_1_260' title='bbox 624 3296 656 3345; x_wconf 83' lang='lat'><strong>18</strong></span> <span class='ocrx_word' id='word_1_261' title='bbox 676 3290 890 3360; x_wconf 87' lang='lat' dir='ltr'><strong>disponentibus</strong></span> <span class='ocrx_word' id='word_1_262' title='bbox 908 3292 952 3358; x_wconf 88' lang='lat' dir='ltr'><strong>D,</strong></span> <span class='ocrx_word' id='word_1_263' title='bbox 972 3290 1174 3361; x_wconf 88' lang='lat' dir='ltr'><strong>omnipotenti·</strong></span> 
     </span>
    </p>
   </div>
   <div class='ocr_carea' id='block_1_4' title="bbox 158 3356 1172 3483">
    <p class='ocr_par' dir='ltr' id='par_1_6' title="bbox 158 3356 1172 3483">
     <span class='ocr_line' id='line_1_36' title="bbox 158 3356 1172 3483; baseline 0.003 -72"><span class='ocrx_word' id='word_1_264' title='bbox 158 3356 267 3483; x_wconf 43' lang='lat' dir='ltr'><strong>{psalt</strong></span> <span class='ocrx_word' id='word_1_265' title='bbox 335 3365 368 3414; x_wconf 76' lang='lat'><strong>21</strong></span> <span class='ocrx_word' id='word_1_266' title='bbox 387 3358 430 3412; x_wconf 89' lang='lat' dir='ltr'><strong>hii</strong></span> <span class='ocrx_word' id='word_1_267' title='bbox 449 3363 525 3418; x_wconf 80' lang='lat' dir='ltr'><strong>codd.</strong></span> <span class='ocrx_word' id='word_1_268' title='bbox 593 3368 627 3416; x_wconf 80' lang='lat'><strong>2³</strong></span> <span class='ocrx_word' id='word_1_269' title='bbox 646 3361 782 3432; x_wconf 88' lang='lat' dir='ltr'><strong>nephario</strong></span> <span class='ocrx_word' id='word_1_270' title='bbox 796 3363 872 3418; x_wconf 82' lang='lat' dir='ltr'><strong>codd.</strong></span> <span class='ocrx_word' id='word_1_271' title='bbox 941 3369 975 3417; x_wconf 80' lang='lat'><strong>26</strong></span> <span class='ocrx_word' id='word_1_272' title='bbox 995 3361 1172 3431; x_wconf 86' lang='lat' dir='ltr'><strong>dampnando</strong></span> 
     </span>
    </p>
   </div>
   <div class='ocr_carea' id='block_1_5' title="bbox 0 0 1300 3942">
    <p class='ocr_par' dir='ltr' id='par_1_7' title="bbox 0 0 1300 3942">
     <span class='ocr_line' id='line_1_37' title="bbox 0 0 1300 3942; baseline 0 0"><span class='ocrx_word' id='word_1_273' title='bbox 0 0 1300 3942; x_wconf 95' lang='lat' dir='ltr'><strong> </strong></span> 
     </span>
    </p>
   </div>
  </div>
 </body>
</html>
