2576 3942
516 213 732 276 ..29-

115 371 314 455 imperatore
339 392 355 434 e
379 369 555 436 conversc’.
593 370 685 447 Quod
708 369 873 436 audientes
897 371 1075 454 imperator
1098 374 1131 436 et

114 459 308 543 imperatrix
336 456 533 524 Graecorum
562 480 635 524 oum
667 459 786 543 gaudio
818 458 1055 542 responderunt
1073 458 1132 522 ui-

114 551 238 612 centes:
257 545 381 612 ‘Parati
400 569 511 612 sumus
529 548 668 631 mittere,
686 547 792 612 facere
807 550 841 612 et
852 547 995 631 recipere
1014 547 1132 630 omnia,

5 683 6 712 ι
115 657 198 719 quae
226 635 417 718 imperatori
439 635 663 701 Romanorum
689 636 820 720 placent
848 638 881 699 et
907 656 990 718 quac
1012 657 1070 700 vos
1093 655 1133 698 ex

5 735 6 738 ’
86 727 209 809 sparte
227 724 329 807 ipsius
345 723 530 807 petivistis?
557 724 603 789 Et
615 725 741 789 vocatis
756 723 796 788 ad
812 744 846 788 se
863 722 989 788 duobus
1004 724 1132 789 baroni·

114 814 175 878 bus
189 811 356 876 nobilibus
371 816 404 876 et
419 813 470 877 sui
486 813 616 896 imperii
633 811 836 897 dignioribus
851 812 1029 895 imperator
1043 812 1132 896 ipsos

115 901 158 966 ad
184 901 299 965 urbem
325 900 465 966 Romam
493 901 533 965 ad
561 900 850 966 consummandum
878 900 989 965 omnia
1012 904 1045 965 et
1068 900 1132 964 sin·

116 988 195 1076 gula
217 989 398 1072 praemissa
421 989 585 1054 ambasiat
571 995 658 1055 tores
682 1009 836 1054 concesso
860 989 900 1053 iis
924 1010 984 1072 per
1004 989 1131 1053 litteras

117 1097 192 1142 suas
221 1076 398 1142 sufficienti
424 1078 577 1143 mandato
605 1078 782 1162 deputavit.
824 1077 887 1153 Qui
913 1076 1043 1161 quidem
1066 1098 1132 1141 am·

5 1195 6 1258 p
75 1183 103 1222 1⁰
116 1166 299 1231 basiatorcs
319 1167 460 1249 acceptis
479 1166 599 1231 litteris
619 1170 652 1231 ct
665 1165 897 1250 procuratoriis
913 1187 1009 1249 super
1022 1165 1133 1230 huius-

116 1253 206 1319 modi
230 1252 446 1319 ordinatist
413 1258 446 1319 et
469 1254 622 1319 mandato
641 1276 715 1319 cum
736 1253 884 1338 plenaria
902 1252 1134 1318 informatione

116 1342 199 1426 ipsis
231 1340 319 1407 iacto
352 1363 425 1408 cum
454 1342 732 1408 ambasiatoribus
765 1342 923 1407 Romanis
953 1364 1054 1407 naves
1085 1342 1133 1406 in·

118 1430 268 1516 gredient
269 1451 302 1494 es
327 1452 361 1495 se
385 1431 427 1495 ad
449 1431 563 1495 urbem
585 1429 724 1496 Romam
747 1430 995 1495 transtulerunt.

207 1517 270 1583 Dic
289 1523 399 1584 autem
418 1523 532 1603 optata
550 1522 583 1584 et
601 1541 775 1604 prosperos
798 1519 947 1584 fortunae
968 1539 1134 1583 successus
1145 1520 1188 1584 46

80 1623 106 1664 1⁵
120 1607 275 1672 offerente
289 1607 330 1671 ad
344 1609 458 1672 urbem
472 1607 611 1673 Romam
630 1607 770 1672 feliciter
788 1611 1014 1690 pervenerunt.
1043 1605 1137 1682 Quod

119 1717 195 1760 cum
216 1695 406 1779 imperatori
425 1694 618 1762 Constantio
641 1697 863 1779 nuntiaretur,
885 1695 1037 1760 lacrimas
1058 1715 1136 1779 prae

5 1857 6 1864 ἵ
119 1783 238 1868 gaudio
263 1784 428 1848 continere
447 1806 515 1850 non
538 1785 650 1850 valens
674 1785 783 1850 omnia
807 1804 888 1868 quae
912 1782 953 1848 ad
981 1783 1137 1848 solacium

5 1893 6 1896 ¹
118 1871 215 1936 huius
235 1872 357 1936 saeculi
374 1872 479 1938 facere
498 1873 648 1938 videntur
668 1872 709 1937 ad
730 1873 888 1938 honorem
910 1876 944 1936 et
963 1870 1138 1936 iucundum

121 1961 297 2025 adventum
319 1960 435 2025 talium
453 1962 641 2026 nuntiorum
660 1961 849 2045 praeparari
866 1981 943 2026 mox
963 1959 1137 2025 mandavit.

80 2065 107 2106 20
122 2048 245 2125 Quibus
265 2049 414 2114 omnibus
434 2050 526 2115 iuxta
544 2049 712 2133 imperiale
726 2049 916 2114 mandatum
934 2049 1138 2131 praeparatis

5 2141 6 2170 ³
120 2137 265 2201 universi
287 2137 413 2202 tribuni
435 2138 561 2203 nobiles
582 2143 614 2201 et
632 2137 755 2202 milites
778 2139 912 2220 totaque
935 2136 1063 2200 familia
1080 2136 1139 2200 im·

5 2305 6 2308 Ἴ
121 2225 255 2308 perialis
290 2225 383 2290 aulae
410 2225 492 2310 ipsis
523 2225 796 2291 ambasiatoribus
826 2229 859 2289 et
882 2224 1010 2296 ,nuntiis
1038 2225 1138 2308 imps-

5 2371 6 2376 ,
120 2313 241 2378 ratoris
275 2312 473 2379 Graecorum
505 2335 603 2398 supra
633 2314 728 2379 dictis
764 2334 838 2378 cum
869 2313 959 2377 tubis
992 2313 1137 2377 buccinis

121 2400 251 2484 hymnis
275 2405 308 2466 et
328 2401 463 2466 canticis
483 2402 693 2468 et‘universis
712 2401 923 2467 musicalibus
942 2401 1138 2466 instrumen-

82 2507 109 2548 ιι
122 2489 168 2553 tis
187 2493 225 2554 ut
243 2491 343 2555 moris
362 2494 413 2555 est
431 2495 646 2557 occurrerunt.
682 2489 729 2555 Et
746 2490 786 2555 iis
805 2489 982 2555 honorifice
1000 2490 1139 2573 receptis

124 2577 166 2641 ad
184 2577 352 2661 imperiale
369 2579 543 2662 pallatium
561 2579 650 2664 ipsos
668 2578 895 2663 perduxerunt
926 2575 1139 2643 Constantius

123 2687 202 2731 vero
230 2667 409 2750 imperator
431 2666 596 2732 Romanus
625 2689 680 2732 eos
704 2688 776 2732 cum
803 2685 924 2750 magna
946 2666 1069 2750 recepit
1091 2687 1139 2730 re·

124 2754 284 2838 verentia,
309 2755 393 2820 siout
416 2777 509 2821 suam
532 2755 639 2821 decuit
661 2755 875 2820 maiestatem.

212 2841 311 2907 Mane
339 2847 449 2908 autem
475 2844 564 2909 facto
587 2844 765 2929 imperator
789 2845 904 2908 vocato
929 2844 1000 2907 toto
1025 2844 1139 2906 senatu
1149 2844 1191 2909 47

82 2948 110 2988 ³⁰
125 2935 158 2996 et
181 2931 340 2996 universis
364 2932 431 2996 suis
454 2932 594 2997 tribunis
618 2935 651 2996 et
672 2931 837 2996 nobilibus
861 2933 894 2996 et
917 2929 1028 2995 audita
993 2930 1140 3015 tlega-

124 3018 215 3084 tione
233 3019 395 3084 dictorum
411 3020 601 3085 nuntiorum
620 3021 742 3102 omnia,
764 3040 847 3105 quae
866 3039 924 3102 per
943 3021 1138 3084 mercatores

198 3193 444 3248 sconsumandum
453 3195 540 3259 codd
549 3193 798 3248 consummandum
806 3208 913 3272 conpar
966 3197 998 3246 11
1007 3189 1141 3316 planans

126 3265 203 3320 codd.
278 3271 311 3319 14
324 3281 410 3346 prosp
391 3263 466 3333 peris
479 3235 610 3319 fortunae
625 3261 806 3318 successibus
814 3249 890 3319 abac.
958 3267 991 3317 16
1029 3263 1131 3316 onstan

126 3334 189 3389 tino
203 3335 241 3402 F,
259 3334 455 3390 nuncciarctur
468 3336 545 3391 codd.
611 3341 643 3389 18
661 3335 812 3390 iocundum
831 3333 907 3389 codd.
967 3339 1001 3388 22
1015 3329 1142 3386 nuncciis

128 3406 205 3460 codd
278 3405 418 3474 2tymnis
432 3406 470 3474 D,
488 3405 601 3476 ympnis
619 3406 655 3459 F.
712 3410 746 3460 25
764 3403 897 3486 relcaptis
917 3401 948 3457 F
964 3420 1025 3458 cum
1041 3417 1143 3458 resurr

128 3477 161 3530 ia
177 3477 260 3534 tuitio
277 3483 310 3532 ut
327 3477 434 3532 ridetur
452 3492 509 3533 coa
524 3478 653 3548 perfecta.
725 3481 760 3531 31
779 3474 960 3530 nuncciorum
980 3475 1057 3530 codd.
